1928 3284
714 218 1196 264 PROLEGOMENA.
1572 203 1645 253 88
1656 204 1682 252 1

229 332 334 383 apud
360 329 710 383 Harpocrationem
738 335 778 367 et
797 328 951 367 Pollnx²
973 331 1176 376 testantur,
1195 326 1245 364 ab
1267 326 1432 364 Oratore
1454 328 1589 363 nostro
1611 329 1686 361 tre-

228 400 365 432 centos
386 393 471 444 Iege
492 393 570 430 lata
588 390 638 429 ad
659 389 925 428 trierarchiam
944 394 1118 427 vocatos.
1175 388 1290 437 Saepe
1312 387 1552 436 multumque
1577 385 1690 423 dubi·
1737 387 1742 396 ¹

229 455 320 501 tavi,
337 466 516 505 quaenam
540 453 613 490 ista
631 457 732 489 esset
754 451 829 496 lex,
844 451 1031 489 eademne
1051 455 1211 495 nostrae,
1231 461 1281 486 an
1308 448 1398 485 alia.
1454 447 1562 484 Nihil
1587 446 1687 484 enim

228 516 269 554 in
284 529 332 555 eo
352 516 438 554 loco
454 511 742 557 Demosthenis,
762 525 842 562 quo
862 525 965 549 nunc
987 510 1141 557 utimur,
1163 510 1211 548 de
1233 508 1433 548 trecentis.
1491 508 1552 545 Ne
1573 521 1688 557 quem

228 582 358 616 tamen
376 577 454 614 hoe
472 579 610 625 postea
631 572 753 618 sallat,
776 573 832 611 uti
854 586 914 610 me
933 571 1000 610 diu
1022 571 1185 610 fefellit:
1218 569 1385 621 primum
1414 568 1509 606 nihil
1531 568 1691 617 legimus

229 638 270 677 in
300 651 349 677 eo
378 638 483 683 loco,
505 635 614 686 quod
643 635 870 674 adversetur
890 633 1102 686 Hyperidis
1128 632 1382 672 auctoritati:
1413 632 1531 669 immo
1554 630 1693 669 divites

229 699 306 745 isti,
340 711 441 750 quos
470 703 650 748 gravatos
680 696 775 735 dicit
802 697 887 747 Iege
919 709 1001 743 sua,
1035 695 1141 746 quod
1178 693 1375 733 defunctis
1408 698 1523 732 antea
1553 692 1693 742 exiguo

229 766 358 800 sumtu
380 760 418 798 in
446 766 640 811 posterum
662 772 759 797 onus
781 771 853 809 pro
873 771 990 797 censu
1015 756 1261 796 subeundum
1282 761 1396 802 esset,
1418 753 1495 801 isti,
1516 754 1691 803 inquam,

232 821 346 861 facile
373 835 445 873 pro
473 821 656 860 trecentis
681 821 754 859 illis
783 820 917 859 haberi
938 824 1116 871 possunt.
1174 818 1328 856 Deinde
1350 830 1470 868 quum
1501 827 1693 866 nusquam

231 883 345 922 ullius
375 884 480 934 legis,
503 889 646 934 praeter
675 882 776 920 illam
807 895 831 921 a
851 894 890 920 se
909 881 958 919 de
983 895 1023 919 re
1053 880 1303 919 trierarchica
1331 879 1434 924 latae,
1462 876 1692 922 meminerit,

232 946 352 984 nostri
383 946 457 984 loci
478 958 524 983 ea
552 950 611 983 est
631 944 744 990 ratio,
764 951 818 990 ut,
846 944 878 981 si
899 956 1017 994 quam
1046 942 1144 980 alias
1171 941 1339 986 tulisset,
1362 939 1401 978 id
1422 952 1499 977 non
1520 938 1697 976 videatur

233 1021 325 1046 sane
345 1007 501 1045 silentio
524 1006 756 1044 transiturus
775 1004 906 1043 fuisse.
963 1004 1023 1042 Ita
1040 1010 1181 1055 sponte
1201 1016 1248 1040 eo
1269 1015 1340 1040 nos
1360 1000 1587 1050 conjectura
1606 999 1696 1044 sert,

234 1076 277 1108 ut
297 1068 537 1120 Hyperidem
559 1067 608 1105 de
633 1067 717 1118 ipsa
746 1067 819 1105 hac
847 1067 946 1118 lege,
968 1066 1130 1117 Olymp.
1153 1068 1244 1109 109,
1267 1069 1304 1102 3.
1333 1063 1424 1108 lata,
1444 1074 1521 1100 non
1540 1060 1590 1099 de
1619 1060 1697 1098 alia

232 1130 341 1181 loqui
362 1128 566 1168 dicamus.¹’
620 1129 677 1166 De
698 1128 764 1166 illa
784 1134 912 1167 autern
933 1128 1163 1177 παρανόμων
1182 1131 1388 1163 accusatus
1409 1122 1696 1161 Demosthenes

233 1199 295 1231 est
327 1205 349 1230 a
380 1192 559 1230 Patrocle
586 1190 788 1240 quodam.c
844 1191 988 1228 Verum
1019 1189 1050 1227 is
1078 1200 1214 1226 caussa
1245 1186 1403 1232 cecidit,
1425 1191 1606 1224 narrante
1634 1196 1700 1222 au-

234 1260 343 1292 ctore
363 1253 401 1291 in
419 1253 555 1291 eadem
576 1252 768 1290 Oratione
787 1251 837 1290 de
858 1264 1018 1296 corona,
1040 1263 1158 1300 quam
1177 1249 1338 1300 Olymp.
1356 1252 1447 1294 11⁶2,
1468 1251 1506 1285 3,
1526 1246 1698 1285 habitam

235 1320 402 1360 constat,
424 1314 491 1352 ubi
512 1319 592 1352 tota
614 1312 706 1364 legis
727 1312 1045 1352 commemoratio
1066 1311 1153 1350 talis
1180 1317 1254 1355 est,
1277 1310 1430 1360 qualern
1451 1309 1618 1359 quisque
1647 1307 1702 1345 iu-

237 1376 387 1426 telligat
411 1374 565 1413 nonnisi
586 1374 635 1412 de
662 1381 820 1425 recepta
839 1379 879 1412 et
899 1374 1050 1412 valente
1080 1385 1166 1410 esse
1192 1371 1379 1422 potuisse.
1410 1395 1414 1399 Δ
1436 1371 1521 1408 Jam
1550 1370 1600 1407 ab
1621 1369 1698 1407 hoc

237 1437 328 1475 inde
358 1443 533 1487 tempore
563 1435 660 1486 quid
684 1435 829 1474 sactum
849 1436 899 1473 sit
918 1435 968 1474 de
998 1433 1237 1479 trierarchia‚
1259 1445 1330 1470 nos
1354 1430 1466 1483 fugit,
1491 1430 1700 1470 destitutos

237 1498 416 1538 omnibus
437 1497 668 1535 testimoniis
685 1503 904 1535 auctorum.

289 1560 379 1598 Non
414 1560 538 1597 minus
564 1564 693 1596 autem
716 1559 903 1597 variatum
927 1564 986 1596 est
1005 1557 1043 1595 in
1064 1562 1172 1607 parte
1201 1555 1475 1606 impensarum,
1497 1567 1612 1605 quarn
1634 1553 1699 1591 tri-

238 1621 388 1661 erarchi
408 1619 508 1659 serre
523 1620 756 1671 debebant„
774 1620 907 1658 Primo
926 1626 1102 1670 tempore
1124 1630 1246 1668 quum
1265 1615 1539 1667 quadringenti
1555 1620 1701 1661 essent,

239 1683 404 1723 vidimus
424 1682 598 1720 triremes
617 1682 779 1733 publico
800 1687 929 1720 sumtu
956 1679 1186 1725 aedificatas,
1202 1679 1290 1717 illos
1317 1678 1411 1716 nihil
1431 1677 1631 1716 addidisse
1652 1676 1701 1714 de

241 1759 323 1790 suo,
352 1750 496 1795 praeter
525 1745 758 1794 πληρώματα
776 1749 815 1781 et
836 1743 958 1789 σκεύη.
1014 1742 1115 1780 Tum
1135 1754 1228 1780 vero
1252 1741 1405 1779 illorum
1428 1740 1596 1790 quisque
1618 1738 1700 1777 sere

239 1819 374 1845 navem
395 1805 606 1856 praefectus
622 1804 927 1849 conscendebat,
945 1810 983 1842 et
1003 1803 1177 1842 militiam
1197 1803 1278 1852 ipse
1299 1801 1548 1852 sequebatur.
1588 1800 1700 1837 Post-

241 1869 314 1906 hac
330 1866 492 1918 quando
507 1866 587 1904 duo
605 1866 663 1904 vel
680 1873 757 1904 tres
776 1865 825 1904 ad
844 1866 955 1903 unius
974 1865 1080 1903 navis
1097 1865 1320 1902 societatem
1343 1863 1516 1910 coibant,
1532 1867 1701 1900 sumtum

241 1931 342 1968 inter
378 1941 419 1966 se
453 1927 504 1966 ita
539 1927 820 1978 partiebantur,
854 1933 895 1964 nt
930 1926 1025 1964 nihil
1064 1925 1251 1976 Respubl.
1285 1938 1463 1974 erogasse
1493 1922 1704 1961 videatur.⁴¹

243 1991 341 2030 Mox
380 1989 484 2028 mille
517 1989 676 2027 ducenti
714 2001 950 2034 successere,
984 2001 1031 2026 ex
1071 2000 1151 2037 quo
1182 1987 1348 2025 societas
1379 1998 1549 2035 qumque
1580 1984 1701 2022 solam

243 2064 379 2091 navem
393 2050 597 2101 praebebat
610 2048 861 2094 aedificatam,
878 2049 1034 2100 publice
1048 2048 1296 2086 addebantur
1309 2053 1559 2096 armamenta,
1573 2051 1703 2083 nauta!

243 2119 283 2153 et
301 2116 410 2159 σκεύη
429 2112 685 2163 τριηρηρχικὰε
717 2123 814 2161 quas
835 2123 909 2156 res,
940 2117 1077 2149 exacto
1100 2122 1273 2159 munere,
1294 2110 1461 2159 quisque
1483 2108 1542 2145 vel
1564 2106 1614 2151 ei,
1638 2105 1707 2157 qui

242 2186 495 2214 successurus
522 2179 618 2218 erat,
647 2172 707 2210 vel
738 2171 924 2223 Reipubl.
953 2171 1116 2210 reddere
1137 2170 1338 2209 debebat.e
1393 2168 1472 2207 Sed
1503 2167 1707 2207 trierarchi

287 2272 303 2290 ⁸
313 2267 469 2308 Eupocr.
483 2278 510 2297 v.
524 2266 684 2307 συμμορία,
697 2271 727 2297 et
741 2266 849 2298 Pollux
863 2267 957 2298 vlu.

250 2313 323 2342 100.
361 2311 410 2341 Ibi
427 2311 499 2350 quid
517 2310 575 2340 sibi
594 2310 738 2341 Kuhnius
759 2310 846 2346 velit,
859 2320 917 2340 non
927 2311 956 2341 in

246 2354 388 2386 omnibu·
398 2363 555 2392 assequor.

992 2268 1050 2297 bns
1068 2266 1313 2306 symmoriarnrn,
1329 2269 1363 2295 ut
1389 2265 1488 2302 legem
1511 2264 1706 2294 dissolveret.

994 2311 1138 2341 Fortasse
1151 2320 1226 2347 ergo
1239 2309 1266 2338 is
1279 2309 1309 2338 iu
1321 2307 1584 2348 subscriptoribus
1597 2307 1707 2336 Patro-

992 2353 1049 2383 clis
1065 2352 1133 2382 fuit.
1179 2354 1256 2382 Nam
1269 2352 1308 2381 de
1325 2352 1431 2381 eadem
1449 2352 1517 2390 lego
1533 2350 1576 2380 ibi
1593 2350 1707 2379 Demo-

290 2397 307 2419 b
323 2397 405 2428 udi
421 2396 458 2426 nd
472 2397 535 2426 hoec
553 2400 652 2436 potest
677 2395 850 2426 Dinarchus
871 2396 958 2425 Orat.

248 2440 280 2471 in
307 2439 469 2472 Demosth-
500 2449 530 2480 p.
559 2442 625 2475 33..
646 2439 822 2469 adversario
855 2438 958 2479 probri

248 2483 318 2514 loeo
335 2482 487 2522 objiciens
503 2482 614 2521 legem.
627 2492 715 2521 quun
735 2493 823 2511 nemo
839 2481 959 2511 dubitet

248 2526 377 2557 eundem
390 2536 470 2559 ense.
493 2535 552 2564 qna
568 2525 633 2565 ipse
649 2526 688 2554 de
711 2525 783 2554 Cor.
801 2525 958 2563 gloriatur.

250 2567 314 2599 tle(
332 2579 416 2603 mne.
436 2568 546 2607 inquit,
561 2566 586 2597 iv
603 2568 646 2597 τί
664 2568 831 2607 δικαστηρίω
846 2570 901 2597 τῶν
930 2567 960 2597 ἐν

249 2612 331 2647 τοῖς
359 2610 583 2652 τςιικοσίοις
613 2610 809 2650 ytynnfar'rm‚
824 2609 869 2640 ἴθ’
884 2609 962 2645 οἶκτος

250 2653 344 2685 ὄπ’θιι
367 2655 415 2684 τὶν
432 2654 502 2693 σιξὶ
517 2666 560 2694 ‘ret
563 2655 687 2695 ηςάςχων
705 2654 943 2693 ”peno-214¹

252 2707 321 2728 ηπ
337 2699 398 2731 τοῖς
416 2695 545 2731 nna-ior,
569 2696 611 2726 ἔτ
636 2708 678 2736 τρι
676 2697 700 2726 ἰι
716 2698 851 2726 τάλαντα.
869 2703 907 2725 λι
931 2708 963 2726 m

252 2738 421 2780 μιτᾶῃοφι
450 2740 498 2768 καὶ
491 2750 657 2777 sparretus
646 2738 709 2779 ιίιζι
734 2740 779 2769 τᾶν
802 2740 881 2779 νόμον
899 2739 963 2769 καθ’

253 2782 378 2813 hae-vm
417 2781 587 2819 διιλυκιη
626 2783 661 2810 V‘
655 2794 683 2812 ix
722 2783 891 2812 Dinarchus
920 2783 963 2813 sic

256 2825 445 2855 meminisset
462 2832 666 2861 trecentarum,
692 2825 750 2855 nisi
767 2827 814 2855 lex
832 2826 870 2855 ad
894 2826 964 2855 illos

257 2878 335 2898 onus
346 2867 566 2898 tran-tulisset.

299 2910 427 2940 ‘Etiam
455 2911 642 2946 AEnchinem,
669 2917 850 2951 perpetuum
877 2921 964 2940 sunm

256 2954 287 2984 in
302 2952 435 2993 Republ.
451 2953 674 2989 adversarium.
691 2960 791 2984 narrat
807 2956 920 2984 Demo.
924 2955 963 2982 th.

260 2996 363 3027 ibid.
356 2995 445 3035 ...C-,C
464 2997 660 3028 subornatum
674 2997 770 3028 suine
787 3007 804 3026 n
820 2997 966 3036 principi·

994 2396 1132 2426 sthenern
1150 2395 1382 2434 intelligendum
1398 2394 1538 2424 arbitror.

1036 2437 1051 2459 «ί
1070 2439 1140 2468 x'id.
1174 2440 1264 2468 Orat.
1283 2438 1312 2467 in
1335 2437 1462 2467 Midiam
1487 2436 1513 2475 §-
1529 2437 1581 2466 ffi.
1608 2439 1638 2464 el
1661 2433 1706 2464 ibi

993 2481 1096 2512 Schol
1112 2487 1141 2512 et
1154 2481 1257 2521 paullo
1273 2487 1342 2511 ante
1359 2481 1488 2511 eundum
1501 2477 1601 2509 Schol.
1614 2481 1637 2513 §.
1653 2479 1706 2508 23.

994 2525 1032 2554 nd
1053 2525 1102 2554 fin.

1039 2568 1142 2596 ‘'Vid.
1157 2567 1235 2596 ibid.
1253 2569 1276 2600 §.
1292 2569 1345 2598 42}-
1362 2566 1490 2595 etOrat.
1507 2564 1535 2594 in
1549 2564 1665 2601 Etr-erg
1676 2566 1708 2592 et

997 2610 1132 2641 Mnesih.
1158 2609 1283 2649 passim.
1330 2609 1486 2639 Interdum
1513 2608 1626 2636 sactum
1646 2609 1707 2641 eut,

998 2659 1030 2683 ut
1048 2653 1126 2684 ultra
1140 2652 1350 2693 praescripturn
1371 2652 1555 2684 conferrent,
1573 2648 1625 2688 qui
1642 2652 1708 2678 stu-

997 2697 1081 2726 dium
1106 2707 1194 2726 suurn
1222 2696 1252 2725 in
1280 2694 1444 2734 Rernpubl.
1471 2693 1584 2722 vellent
1603 2697 1705 2722 osten-

998 2746 1076 2774 tare,
1093 2745 1125 2768 ut
1158 2738 1363 2777 Apollodorus
1393 2748 1426 2766 se
1459 2736 1569 2765 secisse
1603 2739 1709 2765 narrat.

998 2782 1251 2822 apudlhrnosth.
1266 2781 1304 2809 de
1313 2782 1384 2809 Cor.
1397 2779 1555 2809 trierarch.
1567 2788 1598 2818 p.
1614 2779 1709 2808 1229.

1000 2827 1049 2855 ed.
1068 2825 1107 2854 R.
1151 2824 1197 2853 Τὶι
1226 2833 1291 2852 extu
1296 2836 1321 2858 n,
1346 2822 1399 2852 ἴση.
1428 2822 1471 2851 3ιῖ
1495 2819 1637 2872 σᾳρίχυν
1660 2821 1711 2850 -rv'n

1000 2868 1080 2897 πὲιλγ
1116 2868 1174 2895 τοῖ’·
1202 2878 1244 2906 ‘tp
1247 2867 1386 2906 ηξάςχοις,
1417 2875 1471 2902 072¹
1500 2864 1556 2903 μὶν
1586 2874 1618 2894 ut
1655 2865 1712 2892 τᾶν

1001 2911 1072 2939 liam
1100 2910 1243 2940 dnus-a.
1277 2910 1323 2938 nal
1362 2910 1416 2938 ‘riv
1448 2905 1585 2945 δημοσίαν
1609 2905 1711 2938 ἷλαΕον

1002 2953 1083 2983 ουδάι·
1110 2951 1171 2980 ain
1174 2951 1251 2981 ι’δυ
1237 2952 1378 2990 υμιτίροι-
1400 2949 1566 2991 ιίχςνπται,
1585 2949 1633 2980 καὶ
1656 2951 1712 2979 τᾶν

1003 2996 1141 3035 σφι-νόμων
1157 2995 1227 3025 οὐδὲν
1242 2995 1264 3026 nl
1257 3006 1278 3028 ις
1296 2996 1391 3024 rav-ra
1406 3003 1486 3033 urget
1489 3004 1562 3025 παι.
1607 2992 1713 3023 Omni-
