1928 3284
274 213 381 261 422>

667 217 1332 261 ΔΗΜΟΣΘΕΝΟΎΣ

276 356 651 424 τριηραρχιας
682 331 880 392 α’τελῆ,
908 328 1157 422 ὃιειξηκεν
1137 357 1158 383 o
1179 334 1319 402 νόμος,
1349 333 1467 395 πλην
1495 359 1578 386 των
1604 334 1718 387 εννέα

274 405 550 475 Ῑοῖρχοντων.

616 405 788 460 Ουκουν
816 405 854 455 οἷ
889 428 968 473 μεν
1002 405 1181 457 ἐλάττω
1217 430 1471 477 κεκτημενοι
1507 432 1583 459 του
1626 433 1716 476 τρι-

271 505 493 572 ηξαξχιοις
524 477 686 546 ἀξια
666 502 799 545 εχειν,
826 502 865 529 εν
891 502 994 536 Ταῖς
1021 476 1230 546 Εἷςφοροιις
1255 496 1534 533 correzano-iv
1560 505 1617 540 εις
1641 506 1716 533 τον

271 553 482 625 πολεμον·
512 555 551 606 οἶ
586 553 625 606 ὃ
649 570 933 621 εφικνουμενοι
960 575 1035 602 του
1072 565 1359 621 τριηραρχεῖν,
1397 579 1456 615 εις
1458 554 1714 646 αμφᾶτεξοε

264 629 369 698 υμῖν
409 626 661 718 ὑπάρξουσι
694 626 923 694 χρήσιμοι,
965 648 1045 677 κοιι
1085 639 1352 717 τριηραρχεῖν
1393 653 1470 680 και
1506 647 1711 696 ειςφερειν.

272 703 394 754 Tim
420 709 487 754 οὐν
511 700 728 771 ῥαστωνην
758 723 847 759 τοις
873 708 1058 759 πολλοις
1077 724 1096 751 ο
1118 723 1212 763 σος,
1239 709 1269 752 ὠ
1298 703 1515 765 Λεπτίνη,
1544 726 1714 764 ποιησει

864 820 872 840 ¹
890 817 1049 861 ἀρχὸντωη
1070 820 1108 851 Τ.

266 902 410 944 ἆξχοντςς,
426 903 589 946 Πυλαγόρας
619 905 701 943 ὑμεῖς
731 902 839 935 affixis&
863 904 976 934 Μειδίαν

267 957 300 975 τε
317 946 421 982 ἐκεῖνον,
448 947 493 976 'riv
518 947 726 988 Ἀναγυῤῥάσιον
740 966 782 971 --
796 947 844 976 καὶ
865 953 975 986 (Qucu-

268 988 351 1024 κλέα,
364 988 408 1019 τᾶν
421 989 547 1023 Λέσβιον.
592 992 783 1021 Postremum
795 1000 901 1019 nomen
919 1000 974 1029 pro

268 1032 374 1069 gentili
390 1043 470 1068 esse,
484 1034 535 1063 vix
553 1034 629 1063 bene
646 1035 794 1073 probetur
817 1043 853 1062 ne
880 1043 917 1061 ex
935 1032 974 1061 iis

268 1075 404 1112 quidem,
417 1086 484 1114 quae
497 1086 514 1104 a
527 1077 655 1106 Platone
671 1078 738 1106 Ion.
755 1081 847 1110 extr„
862 1077 976 1104 Demo-

268 1117 375 1147 sthene
391 1117 630 1159 Philipp.1.§.i¹.
647 1129 711 1158 seq.
727 1124 757 1148 et
773 1118 840 1148 aliis
853 1127 975 1147 narran-

266 1163 327 1189 tur.
352 1161 419 1190 Nec
435 1161 532 1200 magis
547 1162 649 1201 placet
661 1160 831 1191 emendatio
844 1160 973 1194 Reiskii,

266 1201 313 1231 τὸν
328 1201 456 1235 ΛεςΒίευ.
502 1205 708 1243 Exspectatur
724 1214 781 1233 non
807 1202 904 1242 patris
921 1213 973 1231 no-

266 1255 348 1280 men,
363 1246 416 1275 sed
433 1247 525 1281 demi,
549 1247 654 1287 judice
675 1248 764 1276 etiam
782 1245 972 1276 Marklaudo.

267 1287 470 1318 scribendum
487 1289 596 1328 igitur,
616 1289 662 1320 τᾶν
682 1289 801 1320 Aiunt-ov.
819 1288 973 1326 Hesychi-

265 1341 317 1360 us:
337 1338 359 1361 Λ
370 1330 430 1360 έκ’κ
441 1343 482 1367 ον,
499 1332 585 1371 δῆμος
595 1332 762 1373 Ἀντιοχίδος
776 1334 874 1370 φυλῆς.
886 1331 972 1360 Conf-

269 1374 378 1412 Sponii
394 1374 530 1404 Iudicem
543 1375 697 1405 demorum
718 1386 748 1414 p.
774 1376 848 1404 432.
893 1374 972 1403 Con-

260 1417 381 1453 jectura
391 1422 437 1447 est
452 1428 490 1447 ex
506 1419 613 1447 eodem
629 1428 750 1457 genere,
762 1417 841 1446 unde
858 1416 909 1446 illa
926 1421 973 1446 est

263 1459 381 1489 Valesii
393 1466 424 1490 et
434 1460 555 1490 Corsini
568 1461 599 1490 in
612 1461 665 1491 Cr.
683 1461 721 1490 de
737 1460 808 1490 Cor.
826 1460 852 1499 §
868 1458 923 1496 κγ’.
940 1459 971 1488 in

264 1508 424 1540 posterum
447 1504 637 1542 recipienda,
650 1502 795 1538 Εὔβουλος,
808 1500 970 1538 Μνησιθέου,

263 1544 405 1585 Κυῧῆριος,
420 1556 476 1584 pro
493 1546 618 1585 Κύπριος.
640 1546 745 1575 IDEM.

307 1588 439 1627 Διείρηκεν
452 1589 464 1617 ὅ
477 1587 572 1629 νόμος]
592 1588 651 1618 Lex
667 1589 780 1622 diserte,
795 1588 873 1617 clare
887 1587 971 1622 dicit,

265 1629 343 1668 λέγει
364 1631 505 1672 διαρῥήδην.
550 1632 705 1661 Particula
720 1631 785 1660 baeo
800 1640 889 1669 quum
907 1630 971 1659 usi-

262 1673 414 1703 tatissima
438 1674 490 1709 sit,
519 1676 642 1703 verbum
670 1674 807 1712 ejusdem
837 1672 970 1708 familiae,

263 1714 390 1756 διείξηκα,
406 1717 504 1746 rarius
517 1717 660 1752 occurrit,
675 1716 766 1755 vulgo
781 1726 818 1744 ue
834 1715 864 1744 in
879 1715 970 1744 Lexi-

262 1769 298 1787 φα
313 1759 435 1798 quidem
447 1760 588 1789 relatum.
632 1761 702 1790 Prae
718 1758 828 1788 ceteris
837 1758 970 1787 delecta-

263 1806 314 1831 tur
327 1812 364 1831 eo
386 1802 514 1833 Judaeus
537 1802 636 1837 Philo,
659 1806 694 1831 nt
710 1801 748 1831 de
774 1801 878 1831 mund.
894 1801 968 1839 opis.

263 1845 300 1874 Τ.
317 1848 345 1874 1.
365 1855 395 1884 p.
420 1847 471 1875 28.
515 1846 605 1883 Quod
632 1845 697 1875 det.
727 1847 792 1883 pot.
822 1843 913 1872 insid.
938 1853 968 1881 p.

265 1890 339 1918 194.
355 1892 386 1916 et
401 1889 473 1918 201.
520 1891 567 1918 De
591 1892 670 1926 sept.
696 1893 727 1916 et
749 1887 819 1916 sest.
836 1885 918 1915 dieb.
933 1887 970 1915 Τ.

265 1932 296 1960 2.
314 1940 344 1970 p.
361 1932 412 1962 28.
427 1931 476 1959 ed.
494 1932 598 1969 Mang.
615 1936 645 1960 et
661 1930 744 1959 alibi.
767 1930 873 1959 IDEM.

305 1974 360 2002 '1‘03
386 1973 563 2014 τριηραξχίας
588 1973 656 2011 ἄξια
681 1972 769 2012 ἔχειν]
795 1971 875 2001 Addi
906 1972 970 2001 vult

264 2015 375 2046 Reisk.
391 2017 484 2045 δοκεῖν.
503 2017 599 2051 Quam
615 2022 652 2045 nt
664 2025 793 2044 censeo
804 2020 888 2043 ntar
906 2024 970 2052 pos-

262 2059 354 2089 sidere
381 2065 508 2093 tantum,
532 2065 565 2088 ut
582 2058 785 2088 trierarchiam
805 2066 906 2096 gerere
921 2057 970 2085 de-

263 2102 358 2132 beant.
405 2102 488 2131 Satis
513 2103 582 2137 erit,
605 2101 677 2130 talia
703 2100 838 2130 laseiviae
854 2099 970 2128 criticae

265 2145 418 2183 exempla,
435 2154 510 2183 quas
534 2146 592 2175 iste
619 2143 846 2173 emendationes
870 2146 970 2177 vocat,

267 2187 451 2226 simpliciter
479 2197 644 2226 apponere,
673 2196 710 2215 ne
739 2196 772 2214 se
803 2185 881 2214 forte
908 2184 971 2214 ulla

263 2231 344 2259 bona
361 2240 394 2259 re
410 2239 485 2259 ame
500 2231 661 2259 frustratos
677 2227 809 2262 doleant,
821 2227 871 2266 qui
887 2227 970 2265 prio-

263 2282 331 2302 rum
360 2272 510 2302 editorum
538 2273 649 2311 opibus
684 2275 797 2300 carent.
840 2270 872 2299 Si
895 2279 970 2308 quas

265 2321 367 2344 autem
393 2316 585 2353 conjecturas
608 2315 653 2344 sic
676 2313 888 2345 transmittam,
917 2322 970 2341 eas

263 2358 341 2387 tales
371 2367 441 2387 esse
469 2358 596 2397 deputo,
621 2366 688 2395 quae
723 2366 760 2385 ne
790 2356 970 2393 cujusquam

262 2406 373 2440 postea
388 2400 519 2430 animum
542 2405 669 2434 tentent,
686 2398 775 2438 plane
791 2397 866 2428 nihil
887 2397 970 2437 peri—

264 2443 326 2473 culi
341 2453 409 2472 esse
421 2443 572 2473 videatur.
596 2444 699 2473 lom.

304 2485 373 2517 Tim
384 2484 425 2515 οὖν
438 2486 573 2525 ῥᾳστώνην
587 2487 645 2519 τοῖς
655 2482 849 2522 πολλοῖς-’.1
867 2482 970 2521 Lepti-

264 2539 318 2559 nes
334 2529 524 2568 rogationem
542 2539 627 2558 snam
645 2528 726 2567 apud
742 2527 897 2574 Populum
915 2526 969 2554 hac

265 2572 370 2611 specie
387 2572 664 2606 commendaverat,
691 2570 770 2609 quod
798 2569 893 2598 nimia
916 2568 970 2597 ad-

264 2615 325 2644 huc
350 2615 380 2644 in
411 2614 607 2644 concedenda
624 2611 812 2643 immunitate
838 2610 970 2640 facilitas

263 2658 405 2687 damnum
429 2657 566 2686 dedisset
592 2656 744 2696 plurimis,
766 2655 805 2684 ad
826 2653 969 2691 liturgias

262 2702 412 2729 curandas
428 2701 544 2729 adactis
560 2700 628 2729 vice
643 2696 834 2732 immanium,
850 2700 880 2725 et
902 2696 969 2734 ple-

264 2753 391 2781 rumque
421 2743 566 2772 ditiorum
580 2753 588 2778 3
624 2752 680 2771 nec
713 2739 821 2769 mirum
853 2744 913 2773 est,
945 2739 968 2767 si

263 2786 448 2818 ostenderat,
473 2785 598 2815 multum
636 2783 798 2814 levamenti
825 2792 880 2811 sua
902 2781 970 2819 lege

265 2829 387 2857 allatum
405 2827 442 2857 iri
459 2829 518 2862 τοῖς
533 2828 660 2862 πολλοῖς,
682 2827 713 2856 1ι.
727 2836 754 2855 e.
770 2824 969 2854 multitudini.

263 2872 343 2900 Nam
358 2871 402 2900 sic
419 2870 523 2909 optimi
540 2875 679 2899 auctores
700 2866 876 2898 Latinitatis
899 2867 969 2896 red-

265 2913 340 2942 dunt
351 2914 415 2946 τοίις
427 2913 675 2951 πολλοὶς,ηυίἱ)υ5
687 2911 814 2940 vocibus
824 2911 969 2939 Oratores

263 2955 408 2994 populum
419 2956 579 2994 designant
590 2955 656 2985 sine
665 2954 727 2984 ullo
741 2957 906 2988 contemtu,
915 2962 968 2982 ex-

261 2998 360 3037 eeptis
371 3002 468 3029 tamen
479 2999 597 3031 civibus
608 2998 656 3029 rel
665 2997 788 3036 majoris
797 2996 827 3026 in
837 2995 970 3026 Civitate

1009 905 1213 941 auctoritatis,
1225 905 1273 934 vel
1289 902 1487 935 beatioribus.
1533 904 1603 933 Non
1619 902 1716 933 minor

1009 952 1109 977 autem
1123 948 1152 977 b.
1170 948 1190 976 l.
1214 957 1267 977 nos
1281 953 1416 977 moratur
1432 947 1608 981 difficultas,
1622 956 1712 986 quam

1008 991 1062 1020 illa
1072 996 1134 1020 erat
1146 989 1171 1029 ᾗ.
1183 990 1217 1030 ζ’.
1232 991 1260 1020 iu
1276 992 1323 1021 fin.
1342 991 1370 1019 in
1388 991 1498 1026 verbis,
1509 999 1635 1028 quorum
1646 999 1713 1018 sen-

1009 1033 1132 1062 tentiam
1150 1034 1179 1062 in
1196 1043 1228 1062 re
1246 1043 1360 1063 summa
1383 1038 1486 1062 noster
1501 1033 1549 1061 hic
1562 1033 1648 1062 locus
1664 1042 1711 1060 se·

1009 1075 1122 1113 quitur.
1167 1076 1296 1105 OtunIno
1314 1077 1433 1115 quidem
1452 1076 1481 1104 id
1497 1080 1633 1113 apertum
1651 1078 1711 1108 est,

1008 1117 1084 1147 hanc
1107 1119 1322 1148 Demosthenis
1336 1128 1404 1148 esse
1428 1126 1578 1147 mentem:
1604 1116 1712 1146 Tribu-

1009 1160 1059 1190 Ims
1080 1161 1107 1189 si
1117 1161 1242 1201 agulis
1257 1162 1379 1202 (decem
1396 1166 1457 1190 tum
1471 1160 1599 1189 Athenis
1611 1158 1714 1197 erant)

1008 1203 1052 1232 vel
1073 1204 1161 1232 etiam
1184 1204 1283 1233 binis
1309 1204 1508 1233 tantummodo
1535 1211 1632 1231 unus
1657 1211 1709 1238 per

1010 1245 1101 1285 legem
1116 1245 1281 1284 Leptineam
1297 1246 1444 1285 choragiis
1457 1245 1592 1274 accedere
1608 1249 1711 1282 potest,

1008 1289 1085 1328 isque
1102 1299 1194 1318 unus
1220 1290 1394 1328 adjectus
1418 1297 1521 1317 rursus
1544 1296 1657 1316 unum
1677 1296 1711 1316 ex

1007 1331 1054 1364 iis,
1071 1332 1120 1370 qui
1137 1331 1273 1371 liturgias
1295 1331 1396 1362 adhuc
1417 1331 1561 1365 obierunt,
1583 1338 1667 1359 onere
1681 1335 1709 1358 et

1006 1374 1140 1411 impensis
1163 1374 1306 1404 liberabit.
1349 1373 1417 1403 Jum
1442 1375 1465 1403 si
1493 1373 1601 1402 Civitas
1631 1371 1712 1400 haud

1007 1417 1131 1455 amplius
1146 1418 1316 1457 quinque,
1328 1426 1471 1446 summum
1483 1416 1601 1445 decem
1617 1424 1712 1450 noros,

1006 1458 1143 1498 clim-agos
1169 1460 1348 1495 lucrabitur,
1366 1459 1445 1498 quid,
1468 1468 1570 1497 quoeso,
1596 1458 1626 1487 iu
1654 1458 1711 1486 ista

1008 1501 1078 1542 lege,
1094 1506 1210 1531 tantum
1232 1503 1383 1531 levamenti
1407 1505 1543 1539 puratum
1565 1505 1606 1529 est
1629 1501 1711 1529 uni-

1005 1553 1106 1574 verso
1132 1544 1294 1583 Populo?
1331 1546 1488 1574 Hactenus
1514 1543 1649 1581 quidem,
1665 1542 1712 1571 in-

1005 1596 1106 1626 quam,
1123 1587 1161 1615 de
1191 1587 1341 1616 sententia
1366 1586 1442 1615 satis
1477 1590 1604 1614 constat.
1649 1585 1711 1614 Sed

1006 1629 1074 1659 aliis
1089 1630 1180 1659 rebus
1197 1631 1296 1660 adbuc
1311 1639 1386 1667 opus
1402 1629 1495 1657 estad
1512 1637 1633 1657 sensum
1647 1627 1710 1657 loci

1005 1672 1182 1701 interiorem
1197 1672 1427 1702 recludendum.
1474 1671 1549 1700 Nam
1578 1670 1709 1709 primum

1005 1715 1163 1744 obscurius
1179 1721 1236 1749 est,
1256 1713 1373 1756 χοξηγός
1395 1723 1472 1743 nuno
1494 1723 1614 1752 quoque
1637 1712 1707 1742 lati-

1005 1767 1040 1786 us
1056 1761 1204 1793 sumatur,
1224 1768 1262 1787 au
1292 1756 1474 1795 angustius3
1509 1760 1575 1784 tum
1603 1759 1709 1785 nostro

1006 1800 1072 1829 loco
1087 1801 1167 1829 idem
1190 1800 1288 1830 subsit
1304 1799 1453 1835 calculus,
1469 1798 1522 1836 qui
1541 1803 1606 1828 erat
1631 1798 1657 1837 ξ.
1675 1796 1710 1837 ζ’,

1005 1844 1043 1872 ad
1060 1844 1140 1872 med.
1166 1853 1203 1872 an
1221 1843 1298 1873 alius
1320 1852 1434 1871 novus:
1459 1840 1529 1879 quin
1553 1840 1586 1870 id
1608 1839 1711 1879 ipsum

1005 1886 1116 1923 ambigi
1131 1891 1246 1924 potest,
1261 1887 1347 1915 cives
1360 1884 1418 1914 soli
1433 1894 1512 1913 nuuc
1522 1883 1712 1922 intelligendi

1005 1928 1076 1963 sint,
1106 1938 1144 1957 an
1174 1929 1264 1958 simul
1290 1927 1428 1967 μέτοικοι.
1470 1927 1520 1956 Ne
1534 1926 1649 1962 multa3
1670 1936 1711 1956 ex

1002 1971 1154 2006 omnibus,
1171 1982 1238 2010 qnae
1253 1971 1328 2000 mihi
1350 1971 1448 1999 locum
1468 1968 1582 2007 saepius
1608 1969 1711 2007 pensi-

1004 2015 1079 2043 tanti
1097 2018 1298 2044 consentanea
1322 2013 1391 2042 visa
1405 2017 1484 2046 sunt,
1500 2012 1565 2041 baec
1580 2011 1711 2041 arbitror

1004 2058 1134 2086 tenenda
1149 2068 1229 2092 esse,
1245 2062 1278 2086 ut
1293 2056 1356 2085 veri
1371 2055 1528 2084 similiora.
1573 2054 1710 2083 Primum

1004 2099 1058 2128 vix
1078 2100 1202 2128 dubium
1219 2104 1277 2133 est,
1301 2100 1459 2127 Oratorem
1475 2107 1552 2127 nuuc
1567 2097 1606 2125 de
1621 2096 1710 2135 quin-

1004 2152 1062 2180 que
1085 2147 1136 2172 aut
1151 2143 1258 2171 decem
1283 2141 1370 2170 novis
1393 2139 1534 2177 choragis
1557 2139 1709 2168 dicentem

1003 2184 1033 2213 in
1055 2184 1212 2223 superiore
1224 2183 1343 2213 calculo
1360 2193 1416 2211 suo
1438 2186 1586 2220 perstare.
1629 2181 1709 2210 Nam

1004 2228 1144 2265 quoniam
1161 2227 1224 2256 illie
1249 2227 1288 2255 de
1305 2225 1399 2255 XVI.
1422 2224 1510 2254 novis
1532 2233 1587 2262 per
1601 2223 1711 2262 Lepti-

1004 2279 1071 2298 nem
1087 2269 1256 2299 accessuris
1270 2268 1365 2303 dixit,
1380 2267 1410 2297 iu
1426 2267 1474 2296 his
1489 2271 1589 2296 autem
1604 2266 1643 2295 V.
1659 2271 1710 2296 aut

1004 2312 1061 2341 VI.
1079 2313 1164 2342 cives
1180 2310 1366 2347 numeravit3
1389 2314 1465 2345 tuin,
1481 2319 1574 2348 quum
1589 2308 1710 2338 XXX.

1004 2355 1042 2384 ad
1058 2365 1205 2384 summum
1217 2354 1358 2384 coneedit
1370 2353 1514 2382 accedere
1524 2361 1626 2391 posse,
1638 2361 1709 2389 pro·

1003 2398 1105 2436 portio
1124 2398 1243 2431 suadet,
1261 2402 1294 2427 ut
1309 2396 1394 2426 cives
1410 2396 1473 2425 fere
1488 2394 1534 2424 X.
1557 2398 1589 2423 et
1608 2393 1710 2432 μετοί-

1003 2450 1066 2474 κους
1077 2441 1155 2470 XX.
1168 2441 1199 2470 in
1211 2440 1264 2470 illo
1276 2449 1400 2469 numero
1415 2437 1519 2467 haberi
1532 2441 1711 2466 statuamus.

1004 2483 1093 2513 Hanc
1105 2488 1203 2512 autem
1220 2482 1365 2512 rationem
1383 2482 1495 2511 Orator
1508 2489 1601 2528 quum
1616 2479 1708 2508 modo

1003 2524 1070 2564 ipse
1082 2526 1231 2564 posuerit,
1239 2535 1304 2554 eam
1317 2528 1348 2554 et
1362 2534 1440 2553 nuno
1453 2522 1536 2560 sequi
1552 2521 1641 2551 etiam
1654 2522 1707 2550 de-

1003 2569 1106 2598 buisse
1130 2568 1228 2599 videri
1245 2572 1359 2607 potest.
1404 2563 1547 2595 Deinde
1539 2573 1608 2602 lpsa
1622 2573 1707 2593 men-

1004 2611 1088 2640 tione
1105 2612 1238 2640 tribuum
1263 2609 1420 2650 probabile
1438 2608 1482 2640 fit,
1504 2607 1562 2635 hoc
1586 2616 1708 2644 qunque

1003 2653 1072 2682 loco
1104 2654 1143 2683 de
1170 2654 1246 2683 solis
1277 2652 1398 2682 civibus
1429 2659 1596 2679 sermonem
1628 2658 1709 2677 esse.

1005 2696 1092 2731 Quid
1108 2697 1185 2726 enirn
1203 2697 1299 2725 tribus
1315 2695 1351 2724 ad
1364 2690 1528 2732 μετοίκους.>
1570 2691 1638 2721 Jam
1665 2690 1707 2719 si-

1003 2739 1064 2767 mul
1082 2738 1150 2768 binc
1176 2749 1232 2777 per
1247 2748 1279 2767 se
1296 2735 1503 2773 consequitur,
1519 2733 1632 2774 χορηγὸν
1653 2734 1707 2763 de-

1003 2791 1063 2810 nuo
1083 2781 1192 2810 latiore
1211 2790 1302 2810 sensu
1325 2778 1443 2811 eodem,
1468 2786 1528 2815 quo
1552 2775 1708 2815 superius,

1003 2823 1100 2861 accipi
1132 2823 1255 2852 debere.
1301 2821 1361 2859 Qui
1388 2819 1496 2849 melius
1524 2828 1589 2848 rem
1615 2818 1708 2848 extri-

1004 2875 1072 2894 care
1097 2866 1244 2905 potuerit,
1259 2875 1325 2894 eum
1342 2862 1484 2902 equidem
1499 2861 1632 2891 libenter
1654 2870 1708 2889 au

1003 2908 1095 2938 diam.
1141 2909 1231 2938 Nunc
1247 2907 1299 2936 uni
1321 2907 1420 2944 Augei
1427 2906 1457 2934 io
1483 2903 1575 2934 video
1589 2907 1707 2942 partem

1004 2950 1194 2981 difficultatis
1207 2950 1392 2983 suboluisse,
1401 2948 1452 2987 qui
1468 2948 1498 2977 in
1515 2946 1706 2976 animadver-

1005 2993 1088 3024 sione
1113 2998 1245 3029 annotat,
1261 3003 1292 3022 est
1322 2992 1452 3022 Orate-ris
1477 2991 1588 3020 ratione
1618 2998 1711 3027 :upra
