1928 3284
271 228 380 278 482
667 233 1305 279 ΔΗΜΟΣΘΕΝΟὙΣ

270 344 361 439 ’γοῖρ
398 343 603 413 ἀναξίους
639 344 756 401 εἶναι’
794 374 861 408 τις
905 347 1030 412 φήσει
1067 348 1291 418 κᾷκεῖνους
1334 350 1589 419 maio-Sat,
1637 349 1709 408 τίς

267 417 414 486 ἄξιος,
451 419 642 474 εἶπά-τω·
681 423 698 450 ¹
737 422 774 475 εἷ
758 423 913 513 ιμήτε
941 446 1028 474 των
1056 424 1256 498 πρότερον
1278 421 1442 493 μηδεις,
1481 423 1593 493 μήτε
1620 447 1707 474 των

265 491 487 585 ὕστερον]
514 495 552 548 εἷ
576 494 617 548 δὲ
647 495 808 566 μηδενοι
836 493 978 559 φήσει,
1007 497 1371 561 συναχθεσθείην
1401 497 1454 548 οἳν
1482 495 1622 562 ἔγωγε
1650 497 1708 566 τῇ

266 565 414 632 πολει,
442 592 475 621 ει
494 567 683 640 pendete:
667 594 706 621 εν
734 567 908 622 ἅπαντι
936 569 1001 637 τῷ
1027 569 1181 662 χρόνῳ
1193 593 1368 636 ’γεγονεν
1387 569 1580 636 ἄξιος
1531 579 1573 622 εὐ
1603 594 1707 622 ’ταα-

266 642 379 693 θεῖν.
457 642 551 695 Και
577 667 665 711 μην
693 642 784 710 εἶ”γε
813 644 1058 714 ὄμολογων,
1085 642 1265 702 εκεῖνους
1291 667 1395 696 εινοιι
1423 642 1705 706 σπουδαίους,

263 715 329 784 μὴ
361 716 672 783 τετυχηκότας
697 715 823 783 δειξει
847 715 1041 805 μηδενοςξ
1060 742 1140 780 της
1164 716 1342 777 πόλεως
1367 721 1422 775 ὥς
1447 717 1708 810 οἷχαξιόἽου

264 786 400 850 &mov
436 801 691 865 κατηγορεῖ.
742 790 882 844 ''Em-c
916 789 960 842 δ’
988 815 1075 858 ουχ
1109 789 1221 843 ου’τω
1247 815 1367 843 ταυτ
1407 815 1592 857 εχσντοι,
1619 789 1708 843 ουὸε

261 862 419 928 ολιγου
447 862 553 915 2δεῖ·
594 867 705 918 ἁλλ’
734 863 907 918 {maian
943 890 1028 929 τις,
1066 862 1208 936 οἶμαι,
1237 889 1489 934 κακουργων
1530 889 1612 918 ewa
1643 889 1706 934 μη

436 972 445 991 ¹
463 970 580 1002 Absunt
598 971 680 1002 unci.
693 972 730 1002 T.
748 973 786 1002 R.

262 1056 295 1082 et
317 1051 443 1094 προσέτι.
497 1054 588 1085 Plato
613 1056 666 1086 lib.
696 1058 727 1087 5.
758 1057 797 1086 de
828 1057 963 1095 Republ.

228 1105 231 1113 ⁴
258 1093 304 1125 0173
327 1107 396 1126 ΧΟίΜ
417 1097 652 1138 cffga'rfixiffovssah
666 1099 716 1128 καί
720 1098 842 1152 υπξόΐγξ
866 1099 964 1138 ἆξον-Τί

259 1140 315 1167 τῶν
329 1137 434 1169 παίδων
460 1140 497 1173 εἷς
511 1139 556 1170 τόν
572 1140 695 1182 πόλεμον
719 1141 776 1172 ὅσοι
795 1141 878 1181 ἁδροὶ,
903 1146 962 1172 eto.

260 1180 308 1210 Ε]
325 1182 395 1212 edit.
413 1183 519 1213 Hmw
522 1193 580 1214 AG.

303 1224 334 1252 Ei
348 1235 427 1264 μητε
441 1243 483 1248 —
494 1237 548 1255 των
570 1224 695 1268 ‘'o-regau]
713 1228 823 1267 Neque
844 1207 904 1256 boo
920 1226 964 1257 vi-

258 1265 351 1296 detur
381 1278 450 1297 esse
477 1269 704 1307 Demosthenis,
730 1271 785 1301 sed
819 1269 964 1309 scriptum

257 1308 382 1339 fuisse·
373 1321 405 1339 ιιι
420 1311 560 1351 Margine
581 1313 616 1342 ad
632 1313 709 1343 ista:
741 1312 784 1348 τίς
800 1312 875 1352 ἄξιος
885 1312 966 1342 εἶπα·

257 1352 316 1402 τῳ]
343 1352 372 1382 Ei
393 1353 470 1393 μήτε
485 1357 540 1384 τῶν
565 1354 697 1396 ωρὸτεξον
711 1356 778 1386 οἰδεῖ
772 1369 805 1391 ς,
819 1366 897 1394 μητε
912 1357 967 1384 ‘riv

257 1392 379 1435 zia-regma.
416 1396 487 1426 inde
514 1397 546 1426 in
570 1398 756 1429 Contextum
788 1397 966 1428 admissum.

257 1436 479 1469 MARKLAND.

1278 972 1358 1002 2δεῖν
1373 973 1411 1002 R.

1000 1061 1035 1086 ut
1059 1055 1090 1086 iu
1112 1055 1238 1086 historia
1255 1057 1415 1087 scribenda
1437 1067 1494 1087 nec
1508 1062 1640 1093 veteres,
1657 1065 1707 1086 ue-

1000 1109 1059 1138 que
1074 1099 1260 1129 recentiores
1287 1099 1360 1130 satis
1377 1101 1498 1139 probet,
1521 1105 1707 1138 neutrosque

1000 1142 1112 1180 dignos
1138 1146 1274 1177 censeat,
1306 1153 1383 1182 quos
1407 1143 1542 1173 imitetur
1564 1143 1644 1182 ipse,
1658 1142 1706 1171 hi-

1000 1184 1126 1214 storiam
1153 1184 1333 1224 scripturus,
1352 1196 1480 1224 eumque
1496 1185 1649 1215 hominem
1667 1185 1706 1214 ab

999 1227 1103 1266 aliquo
1118 1227 1274 1266 culpatum
1296 1228 1342 1257 his
1368 1228 1486 1257 verbis:
1512 1227 1544 1257 Si
1569 1232 1604 1257 tu.
1618 1229 1706 1258 etiam

1000 1270 1075 1306 ines,
1091 1270 1120 1299 h.
1138 1280 1166 1299 e.
1183 1271 1307 1300 Graecos
1319 1276 1350 1300 et
1368 1271 1505 1305 Latium,
1518 1271 1638 1311 rejicies,
1654 1279 1707 1300 nec

999 1314 1070 1342 satis
1087 1313 1189 1352 dignos
1213 1313 1374 1343 imitatione
1391 1323 1444 1343 esse
1469 1314 1600 1348 censebis,
1627 1313 1706 1342 dicas

1000 1355 1083 1384 velim
1093 1355 1182 1390 nobis,
1194 1357 1255 1394 quis
1269 1356 1385 1385 tandem
1401 1357 1511 1396 dignus
1525 1358 1561 1385 sit
1573 1367 1581 1384 :
1593 1356 1623 1384 si
1639 1365 1706 1385 nec

999 1399 1244 1437 antiquorum
1267 1399 1474 1437 quisquam,
1509 1407 1627 1438 neque
1652 1407 1706 1427 re-

1000 1450 1015 1469 c
1026 1441 1151 1469 entim·
1157 1450 1231 1468 um.-
1278 1441 1302 1469 si
1340 1450 1405 1469 vero
1450 1441 1589 1470 neminem
1617 1440 1703 1475 dices,

300 1480 332 1510 Εἰ
359 1481 437 1520 μήτε
459 1483 514 1511 τῶν
537 1482 662 1523 orgeio-egoi(
681 1479 788 1523 μηδεις,
814 1494 891 1522 μητε
913 1484 968 1512 τῶν
990 1480 1152 1522 fastidium
1165 1487 1252 1511 tuum
1267 1483 1366 1518 mirer,
1387 1484 1437 1512 cui
1461 1492 1542 1512 nemo
1564 1484 1642 1512 inter
1663 1488 1706 1513 tot

255 1520 383 1563 ὕστερον]
399 1524 557 1563 Nusquam
576 1526 723 1556 decessor
749 1536 834 1555 meus
847 1525 967 1565 longior

256 1569 316 1600 est,
328 1576 417 1604 quam
433 1567 511 1597 adh.
523 1568 543 1596 1.
575 1568 690 1605 Quod
682 1578 784 1607 ipsum
795 1567 878 1602 facit,
890 1573 924 1596 ut
936 1572 967 1596 et

255 1607 344 1637 nobis
352 1609 505 1648 explicate
515 1610 676 1640 dicendum
684 1611 735 1646 sit,
743 1609 882 1649 quamvis
891 1610 966 1639 nihil

256 1649 340 1679 aliud
356 1661 446 1690 quam
469 1653 632 1691 capitaiem
653 1653 832 1683 sententiam
860 1653 966 1682 Mark-

253 1691 338 1722 landi
351 1704 524 1733 sequamur.
539 1694 638 1725 Locus
652 1695 758 1734 igitur,
769 1695 890 1734 qualem
901 1694 966 1724 vul-

254 1744 296 1773 go
309 1736 441 1766 editores
456 1737 612 1774 exhibent,
625 1738 768 1777 primum,
782 1737 856 1776 quid
870 1737 966 1767 offen-

255 1777 352 1809 sionis
368 1780 485 1816 habeat,
494 1780 562 1818 ipse
570 1781 677 1811 Latine
688 1790 793 1811 versus
806 1781 964 1810 ostendat:

255 1820 289 1851 Si
305 1823 368 1861 quis
381 1823 470 1852 etiam
484 1823 560 1859 illos,
583 1825 612 1854 1ι.
635 1834 662 1853 e.
679 1823 732 1864 qui
748 1824 896 1862 majorum
911 1834 966 1853 no-

256 1867 389 1894 strorum
411 1866 559 1895 memoria
584 1868 661 1896 bene
688 1867 726 1896 de
753 1866 886 1905 Republ.
902 1876 964 1896 me-

253 1912 392 1942 ruerunt,
425 1909 560 1948 indignas
589 1909 694 1939 honore
715 1908 816 1950 fuisse
838 1909 965 1948 putabit,

256 1949 338 1979 dicat
352 1951 441 1986 nobis,
456 1953 589 1991 quisnam
608 1952 718 1993 dignus
732 1953 790 1981 sit:
817 1951 856 1991 [si
876 1961 965 1991 neque

255 1993 409 2033 quisquam
431 2004 542 2029 eorum,
566 1996 615 2034 qui
634 1996 734 2034 priore
750 2000 873 2033 tempore
887 1997 964 2024 vixe-

254 2041 340 2072 runt,
356 2046 409 2066 nec
424 2038 475 2076 qui
487 2038 644 2076 posteriore
654 2038 678 2078 .·]
702 2039 726 2067 si
740 2047 804 2067 vero
820 2039 963 2067 neminem

251 2079 382 2116 putabit,
399 2078 576 2118 Reipublicae
598 2086 702 2110 nostrae
726 2081 816 2110 vicem
837 2080 962 2115 doleam,

254 2121 333 2160 quod
348 2131 430 2151 nemo
442 2131 494 2161 per
510 2127 552 2152 tot
567 2123 673 2153 saecula
688 2124 720 2152 in
739 2133 771 2152 ea
796 2122 901 2152 honore
928 2132 963 2153 ac

250 2165 380 2202 praemz'is
390 2164 498 2205 dignus
510 2166 659 2195 exstiterit.
683 2165 750 2195 Jam
766 2167 796 2195 in
811 2165 878 2195 istis
895 2175 963 2195 ver-

255 2206 306 2235 bis
320 2206 471 2237 uncinatis
499 2208 686 2246 experiatur,
709 2207 845 2246 quisquis
866 2207 962 2243 volet,

255 2248 407 2278 fortunam
417 2259 520 2287 suam3
543 2250 642 2280 trahat
659 2260 695 2279 ea
709 2250 904 2289 retrahatque
925 2251 962 2279 ad

255 2296 475 2330 utramcnnque
492 2297 605 2332 partem
614 2292 734 2332 periodi
745 2293 838 2322 velit:
853 2292 962 2331 siquid

255 2333 328 2363 iude
344 2335 408 2364 sani
423 2334 536 2364 coloris
552 2336 718 2371 extuderit,
730 2346 797 2365 eum
821 2337 962 2365 Fortunae

255 2376 352 2407 filium
370 2377 491 2407 unicum
507 2379 685 2417 perhibebo.
731 2378 810 2407 Mihi
826 2378 961 2418 quidem,

257 2430 318 2459 quo
337 2420 450 2459 saepius
465 2421 503 2449 ad
519 2431 555 2450 ea
567 2422 661 2451 verba
675 2420 763 2456 redii,
778 2422 960 2460 propensius

257 2463 295 2492 ad
316 2463 478 2493 veritatem
502 2462 603 2493 visum
626 2469 684 2498 est,
702 2463 866 2502 irrepsisse
877 2469 962 2516 'post

255 2505 346 2542 illud,
357 2505 402 2539 τίς
419 2505 494 2544 ἄξιος
509 2506 630 2544 εἰπάτω,
641 2510 742 2536 notam
758 2505 914 2545 marginis,
929 2507 956 2535 εἶ

256 2548 349 2587 μήτε
364 2550 429 2578 τῶν
442 2548 614 2590 νω-ςότεξον
627 2547 734 2589 μηδεῖ
745 2559 768 2584 ς,
777 2549 873 2588 μήτε
895 2551 959 2578 τῶν

256 2589 414 2632 ὕστεξον.
474 2593 563 2630 Quod
598 2592 749 2631 judicium
784 2591 960 2621 Marklandi

257 2639 316 2670 est,
332 2641 364 2664 et
387 2634 460 2669 tale,
484 2635 567 2673 quod
587 2635 656 2665 viro
686 2634 804 2664 veniam
821 2634 960 2670 aliorum,

256 2687 325 2715 quae
347 2676 462 2716 passim
481 2678 517 2706 ab
544 2688 580 2707 eo
596 2677 766 2708 festinatius
782 2677 895 2717 scripta
909 2687 960 2706 no-

255 2719 333 2755 tavi,
346 2720 507 2759 impetrare
522 2722 636 2759 possit:
654 2721 730 2751 adeo
744 2720 822 2750 illud
831 2723 961 2756 rectum,

256 2767 390 2798 acutum,
412 2773 517 2792 verum
539 2768 596 2793 est.
641 2764 703 2793 Sed
729 2773 832 2793 eorum
858 2772 960 2799 causa,

257 2805 310 2844 qui
326 2805 458 2835 tardiore
474 2806 580 2836 harum
603 2817 704 2837 rerum
720 2817 809 2836 seusu
824 2809 960 2841 utuntur,

257 2857 326 2886 age,
355 2849 393 2877 ad
417 2849 546 2879 eundem
574 2849 741 2885 modulum,
777 2858 867 2887 quem
896 2848 961 2878 haec

257 2890 405 2929 periodus
439 2891 543 2928 habet,
581 2902 692 2922 novam
729 2891 890 2931 fingamus,
930 2895 962 2920 et

256 2933 447 2963 membratim
474 2935 539 2964 fere
562 2944 676 2973 parem,
694 2935 720 2964 si
738 2934 817 2964 sorte
847 2934 892 2963 ita
915 2933 961 2963 illi

257 2975 376 3006 facilius
403 2987 506 3007 verum
535 2978 655 3017 assequi
680 2977 808 3016 possint.
853 2977 962 3016 Finga-

258 3026 337 3055 mus,
353 3029 420 3049 esse
436 3020 583 3059 quendam
601 3021 676 3051 adeo
693 3020 818 3059 superbi
838 3019 962 3058 judicii,

996 1525 1242 1562 praestantissimos
1256 1526 1289 1554 in
1313 1524 1363 1554 hoc
1383 1535 1489 1565 genere
1510 1530 1639 1555 auctores
1660 1525 1706 1554 vel

1001 1566 1088 1596 laude
1113 1573 1166 1596 tua
1188 1567 1230 1596 vel
1255 1568 1414 1597 imitatione
1435 1569 1545 1607 dignus
1561 1568 1705 1597 videatur.

1000 1608 1062 1638 Vix
1075 1608 1235 1648 quisquam
1252 1610 1311 1639 erit
1325 1609 1355 1638 in
1372 1615 1435 1639 arte
1453 1609 1609 1639 scuibendi
1623 1611 1700 1639 adeo

999 1652 1096 1687 rudis,
1113 1652 1187 1690 quin
1197 1652 1266 1681 colo
1277 1652 1342 1688 illo,
1354 1652 1489 1682 diductis
1502 1652 1598 1682 literis
1617 1662 1634 1681 a
1650 1663 1702 1682 no-

999 1694 1046 1724 bis
1056 1704 1217 1732 expresso‚
1231 1704 1349 1724 omnem
1365 1695 1524 1724 sanitatem
1539 1698 1702 1724 structurae

1000 1736 1138 1776 disperdi
1152 1737 1249 1776 primo
1262 1737 1362 1766 statim
1377 1738 1527 1776 adspectu
1542 1737 1706 1777 intelligat,

1000 1784 1031 1809 et
1045 1779 1193 1809 emblema
1206 1785 1266 1809 tam
1283 1779 1462 1809 inconcinne
1481 1780 1600 1810 illatum
1618 1780 1706 1810 furca

1000 1822 1214 1861 expeilendum
1224 1821 1354 1861 judicet.
1367 1823 1404 1852 F.
1421 1824 1458 1852 A.
1475 1823 1599 1853 Wom.

1040 1865 1095 1894 Καὶ
1120 1866 1177 1904 μὴν
1199 1865 1254 1903 εἴγε
1281 1865 1422 1904 ὁμολογῶν
1437 1865 1494 1906 --]
1521 1866 1704 1895 Dilemmate

999 1907 1193 1938 adversarius
1203 1910 1240 1937 ab
1256 1912 1380 1946 utraque
1396 1913 1483 1947 parte
1498 1908 1542 1938 sic
1556 1908 1705 1937 constrin-

999 1950 1093 1989 gitur,
1110 1955 1144 1980 ut
1169 1951 1313 1990 effugium
1332 1951 1384 1980 vix
1400 1954 1513 1990 pateat.
1558 1951 1622 1980 Aut
1638 1951 1704 1980 nul-

997 1993 1045 2023 los
1061 2003 1191 2033 unquam
1207 1994 1292 2023 cives
1306 1994 1440 2032 praemiis
1450 1993 1560 2032 dignos
1574 1993 1704 2030 vixisse,

998 2036 1161 2066 dicendum
1177 2036 1248 2072 erit,
1265 2041 1316 2066 aut
1343 2036 1509 2076 Rempubl.
1533 2046 1606 2075 erga
1630 2046 1703 2066 snos

997 2079 1146 2118 ingratam
1171 2089 1248 2108 esse.
1294 2077 1384 2117 Δείξει
1401 2088 1479 2108 nunc
1494 2079 1567 2117 poni
1583 2079 1622 2107 de
1637 2079 1703 2108 solo

997 2126 1118 2157 conatu,
1154 2127 1291 2159 apertum
1328 2126 1385 2150 est.
1452 2121 1560 2155 Δήπου,
1589 2120 1705 2150 arctius

992 2165 1180 2203 jungendum
1210 2164 1288 2192 illud
1311 2173 1380 2192 cum
1405 2161 1574 2203 ἀχαξίστου,
1598 2162 1703 2192 irouiae

996 2207 1116 2236 cuidam
1150 2206 1300 2235 inservit:
1342 2205 1477 2235 Civitatis
1515 2206 1651 2246 ingratae,
1671 2207 1703 2235 si

997 2248 1085 2279 Diis
1114 2248 1260 2287 placet.
1295 2249 1401 2278 IDEM.

1040 2289 1147 2331 Δείξει]
1177 2292 1249 2321 Νοιι
1275 2290 1456 2326 monstrabit,
1477 2288 1593 2331 (neque
1623 2289 1703 2320 enim

995 2335 1054 2364 hoc
1082 2338 1249 2364 monstrare
1279 2333 1381 2372 potuit
1401 2334 1557 2372 Leptines,
1580 2337 1613 2363 ut
1629 2343 1703 2363 mox

995 2376 1124 2416 dicitur)
1149 2377 1203 2406 sed
1224 2382 1383 2406 monstrare
1397 2376 1480 2411 volet,
1511 2379 1564 2405 aut
1584 2375 1702 2405 conabi-

994 2426 1057 2450 tur.
1103 2419 1174 2449 Nisi
1201 2419 1244 2449 ita
1274 2424 1418 2454 sumatur,
1446 2419 1611 2457 legendum
1644 2418 1703 2447 erit

995 2462 1080 2501 λέξει,
1098 2464 1185 2497 dicet,
1207 2467 1241 2492 ut
1252 2463 1335 2501 φήςει
1355 2461 1459 2501 paullo
1475 2466 1554 2491 aute.
1576 2461 1702 2491 MARK-

997 2516 1105 2535 LAND.

1030 2548 1099 2578 Οὐδὲ
1116 2545 1207 2586 ὀλίγου
1216 2546 1274 2587 δεῖ]
1282 2546 1407 2586 Legitur
1417 2546 1469 2576 δεῖν
1480 2546 1510 2576 ἰι]
1522 2547 1610 2581 Ben.‚
1622 2545 1701 2576 unde

993 2591 1025 2621 id
1041 2591 1159 2620 transiit
1179 2591 1211 2620 in
1228 2590 1435 2619 Reiskianam.
1478 2589 1583 2619 Minus
1603 2592 1700 2623 recte,

994 2635 1026 2664 in
1043 2634 1099 2663 hac
1120 2633 1241 2673 quidem
1271 2632 1437 2661 locutione.
1481 2630 1570 2660 Cous.
1597 2635 1701 2660 notata

993 2683 1016 2715 ξ.
1034 2675 1068 2716 ζ’.
1084 2681 1154 2715 post
1169 2676 1249 2706 med.
1265 2685 1300 2704 ac
1314 2674 1480 2704 Ruhnken.
1497 2678 1529 2702 et
1542 2674 1642 2712 Toup.
1659 2673 1699 2702 ad

995 2719 1123 2758 Longin.
1147 2729 1176 2748 c.
1205 2720 1269 2754 33,
1292 2726 1463 2756 quanquam
1488 2716 1520 2744 hi
1540 2726 1600 2745 non
1626 2715 1701 2745 satis

994 2761 1073 2791 inter
1084 2772 1116 2791 se
1133 2740 1336 2791 consentiunt.
1360 2760 1395 2788 F.
1408 2759 1446 2788 A.
1459 2759 1580 2788 &Vota-

1037 2804 1210 2844 Κακουξγῶν]
1246 2804 1328 2841 Lege
1353 2811 1421 2831 eum
1460 2811 1556 2839 marg.
1588 2798 1700 2829 Morel.

995 2849 1166 2885 πανουξγῶν.
1189 2851 1279 2884 atque
1307 2844 1397 2874 etiam
1419 2844 1506 2878 iufra,
1521 2846 1544 2878 §.
1568 2841 1624 2881 κζ’.
1639 2853 1698 2872 πα-

994 2889 1170 2938 vovgy6rfvrov
1189 2898 1244 2927 pro
1275 2886 1495 2926 κακουργότατον
1523 2895 1562 2915 ex
1592 2885 1699 2915 eadem

995 2931 1185 2962 anctoritate.
1207 2932 1366 2960 TAYLon.

1036 2973 1168 3005 Ἐωειδίιν
1197 2984 1253 3010 τις,
1289 2972 1381 3012 οἴμαι,
1406 2969 1642 3011 nnumin—J
1666 2968 1699 2998 Si

995 3019 1068 3059 quis,
1081 3017 1224 3048 insidiosis
1238 3016 1420 3056 argumentis
1434 3023 1513 3050 usus,
1527 3012 1567 3043 ad
1580 3021 1626 3043 res
1638 3021 1698 3041 non
