<?xml version="1.0" encoding="UTF-8"?>
<!DOCTYPE html PUBLIC "-//W3C//DTD XHTML 1.0 Transitional//EN"
    "http://www.w3.org/TR/xhtml1/DTD/xhtml1-transitional.dtd">
<html xmlns="http://www.w3.org/1999/xhtml" xml:lang="en" lang="en">
 <head>
  <title>
</title>
<meta http-equiv="Content-Type" content="text/html;charset=utf-8" />
  <meta name='ocr-system' content='tesseract 3.04.00' />
  <meta name='ocr-capabilities' content='ocr_page ocr_carea ocr_par ocr_line ocrx_word'/>
</head>
<body>
  <div class='ocr_page' id='page_1' title='image "./oratoresatticie06dobs/oratoresatticie06dobs_0480.png"; bbox 0 0 1928 3284; ppageno 0'>
   <div class='ocr_carea' id='block_1_1' title="bbox 219 209 327 259">
    <p class='ocr_par' dir='ltr' id='par_1_1' title="bbox 219 209 327 259">
     <span class='ocr_line' id='line_1_1' title="bbox 219 209 327 259; baseline -0.037 0"><span class='ocrx_word' id='word_1_1' title='bbox 219 209 327 259; x_wconf 69' lang='lat'>428</span> 
     </span>
    </p>
   </div>
   <div class='ocr_carea' id='block_1_2' title="bbox 629 207 1268 254">
    <p class='ocr_par' dir='ltr' id='par_1_2' title="bbox 629 207 1268 254">
     <span class='ocr_line' id='line_1_2' title="bbox 629 207 1268 254; baseline -0.008 0"><span class='ocrx_word' id='word_1_2' title='bbox 629 207 1268 254; x_wconf 81' lang='grc' dir='ltr'>ΔΗΜΟΣΘΕΝΟΎΣ</span> 
     </span>
    </p>
   </div>
   <div class='ocr_carea' id='block_1_3' title="bbox 221 318 1670 470">
    <p class='ocr_par' dir='ltr' id='par_1_3' title="bbox 221 318 1670 470">
     <span class='ocr_line' id='line_1_3' title="bbox 221 318 1665 419; baseline -0.004 -41"><span class='ocrx_word' id='word_1_3' title='bbox 221 325 432 419; x_wconf 65' lang='grc' dir='ltr'><strong><em>Βοςπόξου</em></strong></span> <span class='ocrx_word' id='word_1_4' title='bbox 470 322 699 387; x_wconf 71' lang='grc' dir='ltr'><strong><em>ουὸοτιοῧν,</em></strong></span> <span class='ocrx_word' id='word_1_5' title='bbox 726 324 969 394; x_wconf 64' lang='grc' dir='ltr'>κᾴνταυθα</span> <span class='ocrx_word' id='word_1_6' title='bbox 1002 320 1154 374; x_wconf 72' lang='grc' dir='ltr'><strong><em>ὃεδωκε</em></strong></span> <span class='ocrx_word' id='word_1_7' title='bbox 1193 322 1267 382; x_wconf 74' lang='grc' dir='ltr'>τὴν</span> <span class='ocrx_word' id='word_1_8' title='bbox 1305 318 1514 372; x_wconf 78' lang='grc' dir='ltr'><strong><em>οἷτέλειοιν</em></strong></span> <span class='ocrx_word' id='word_1_9' title='bbox 1548 321 1665 390; x_wconf 73' lang='grc' dir='ltr'>ἡμῖν.</span> 
     </span>
     <span class='ocr_line' id='line_1_4' title="bbox 223 392 1670 470; baseline -0.003 -18"><span class='ocrx_word' id='word_1_10' title='bbox 223 399 318 452; x_wconf 63' lang='lat' dir='ltr'>Koa</span> <span class='ocrx_word' id='word_1_11' title='bbox 355 398 420 451; x_wconf 69' lang='grc' dir='ltr'>τοὶ</span> <span class='ocrx_word' id='word_1_12' title='bbox 444 398 523 470; x_wconf 76' lang='grc' dir='ltr'>μεν</span> <span class='ocrx_word' id='word_1_13' title='bbox 552 397 683 454; x_wconf 66' lang='grc' dir='ltr'><strong><em>ὧλλοι</em></strong></span> <span class='ocrx_word' id='word_1_14' title='bbox 720 401 892 457; x_wconf 77' lang='grc' dir='ltr'><strong><em>σιωπῶ,</em></strong></span> <span class='ocrx_word' id='word_1_15' title='bbox 928 395 1089 450; x_wconf 68' lang='grc' dir='ltr'><strong><em>πολλοὶ</em></strong></span> <span class='ocrx_word' id='word_1_16' title='bbox 1130 396 1187 447; x_wconf 76' lang='grc' dir='ltr'>οἳν</span> <span class='ocrx_word' id='word_1_17' title='bbox 1232 392 1346 461; x_wconf 77' lang='grc' dir='ltr'><strong><em>’ἔχων</em></strong></span> <span class='ocrx_word' id='word_1_18' title='bbox 1386 393 1541 458; x_wconf 57' lang='lat' dir='ltr'>aiv-retu,</span> <span class='ocrx_word' id='word_1_19' title='bbox 1578 393 1670 447; x_wconf 69' lang='grc' dir='ltr'>ὅσοι</span> 
     </span>
    </p>
   </div>
   <div class='ocr_carea' id='block_1_4' title="bbox 223 472 757 567">
    <p class='ocr_par' dir='ltr' id='par_1_4' title="bbox 223 472 757 567">
     <span class='ocr_line' id='line_1_5' title="bbox 223 472 757 567; baseline -0.004 -41"><span class='ocrx_word' id='word_1_20' title='bbox 223 476 500 567; x_wconf 66' lang='grc' dir='ltr'>εὕεργετηκεν</span> <span class='ocrx_word' id='word_1_21' title='bbox 525 474 642 544; x_wconf 64' lang='grc' dir='ltr'>υμᾶς</span> <span class='ocrx_word' id='word_1_22' title='bbox 680 473 698 499; x_wconf 80' lang='lat'>¹</span> <span class='ocrx_word' id='word_1_23' title='bbox 734 472 757 491; x_wconf 33' lang='grc' dir='ltr'>’ὃ</span> 
     </span>
    </p>
   </div>
   <div class='ocr_carea' id='block_1_5' title="bbox 711 467 1668 539">
    <p class='ocr_par' dir='ltr' id='par_1_5' title="bbox 711 467 1668 539">
     <span class='ocr_line' id='line_1_6' title="bbox 711 467 1668 539; baseline -0.004 -15"><span class='ocrx_word' id='word_1_24' title='bbox 711 496 833 531; x_wconf 80' lang='grc' dir='ltr'><em>ΟυΤΟς</em></span> <span class='ocrx_word' id='word_1_25' title='bbox 858 470 978 539; x_wconf 59' lang='lat' dir='ltr'>dvm),</span> <span class='ocrx_word' id='word_1_26' title='bbox 1006 494 1084 522; x_wconf 64' lang='grc' dir='ltr'>και</span> <span class='ocrx_word' id='word_1_27' title='bbox 1110 492 1250 528; x_wconf 51' lang='lat' dir='ltr'>duros·</span> <span class='ocrx_word' id='word_1_28' title='bbox 1277 492 1355 521; x_wconf 66' lang='grc' dir='ltr'>καί</span> <span class='ocrx_word' id='word_1_29' title='bbox 1387 469 1429 520; x_wconf 66' lang='lat' dir='ltr'>Ole</span> <span class='ocrx_word' id='word_1_30' title='bbox 1453 467 1668 537; x_wconf 58' lang='lat' dir='ltr'>WPO‘JOVOL&#39;</span> 
     </span>
    </p>
   </div>
   <div class='ocr_carea' id='block_1_6' title="bbox 223 542 1678 769">
    <p class='ocr_par' dir='ltr' id='par_1_6' title="bbox 223 542 1678 769">
     <span class='ocr_line' id='line_1_7' title="bbox 223 542 1676 636; baseline -0.003 -37"><span class='ocrx_word' id='word_1_31' title='bbox 223 546 358 602; x_wconf 77' lang='grc' dir='ltr'>οἷλλοι</span> <span class='ocrx_word' id='word_1_32' title='bbox 382 571 628 616; x_wconf 70' lang='lat' dir='ltr'>wpompvcra</span> <span class='ocrx_word' id='word_1_33' title='bbox 663 544 883 605; x_wconf 69' lang='grc' dir='ltr'><strong><em>σιτοδείας</em></strong></span> <span class='ocrx_word' id='word_1_34' title='bbox 907 542 1036 632; x_wconf 67' lang='grc' dir='ltr'><em>παραὶ</em></span> <span class='ocrx_word' id='word_1_35' title='bbox 1063 543 1206 597; x_wconf 65' lang='grc' dir='ltr'><strong><em>πᾶσιν</em></strong></span> <span class='ocrx_word' id='word_1_36' title='bbox 1232 542 1475 636; x_wconf 65' lang='grc' dir='ltr'>ἀνθρώποις</span> <span class='ocrx_word' id='word_1_37' title='bbox 1494 543 1676 614; x_wconf 63' lang='grc' dir='ltr'>’γενομέ-</span> 
     </span>
     <span class='ocr_line' id='line_1_8' title="bbox 226 615 1677 693; baseline -0.003 -21"><span class='ocrx_word' id='word_1_38' title='bbox 226 645 311 684; x_wconf 72' lang='grc' dir='ltr'>11ης,</span> <span class='ocrx_word' id='word_1_39' title='bbox 333 646 377 674; x_wconf 88' lang='grc' dir='ltr'>ου</span> <span class='ocrx_word' id='word_1_40' title='bbox 406 647 529 693; x_wconf 80' lang='grc' dir='ltr'><strong><em>μονον</em></strong></span> <span class='ocrx_word' id='word_1_41' title='bbox 549 622 646 691; x_wconf 75' lang='grc' dir='ltr'>ὑμῖν</span> <span class='ocrx_word' id='word_1_42' title='bbox 667 619 812 672; x_wconf 75' lang='grc' dir='ltr'><strong><em>ἵκανον</em></strong></span> <span class='ocrx_word' id='word_1_43' title='bbox 838 643 958 672; x_wconf 81' lang='grc' dir='ltr'><strong><em>σιτον</em></strong></span> <span class='ocrx_word' id='word_1_44' title='bbox 977 615 1268 680; x_wconf 66' lang='grc' dir='ltr'><strong><em>οἷσι-ἔστειλεν,</em></strong></span> <span class='ocrx_word' id='word_1_45' title='bbox 1288 617 1421 669; x_wconf 72' lang='grc' dir='ltr'><strong><em>οἷλλοὶ</em></strong></span> <span class='ocrx_word' id='word_1_46' title='bbox 1448 640 1677 679; x_wconf 82' lang='grc' dir='ltr'><strong><em>τοσουτον,</em></strong></span> 
     </span>
     <span class='ocr_line' id='line_1_9' title="bbox 224 688 1678 769; baseline -0.006 -20"><span class='ocrx_word' id='word_1_47' title='bbox 224 695 334 756; x_wconf 66' lang='grc' dir='ltr'><strong><em>ὅςτε</em></strong></span> <span class='ocrx_word' id='word_1_48' title='bbox 362 693 749 749; x_wconf 38' lang='grc' dir='ltr'>πεντεκαιῌὲεκα</span> <span class='ocrx_word' id='word_1_49' title='bbox 717 718 920 769; x_wconf 60' lang='grc' dir='ltr'><strong><em>αρ’γυξιου</em></strong></span> <span class='ocrx_word' id='word_1_50' title='bbox 941 692 1175 753; x_wconf 70' lang='grc' dir='ltr'>τάλαντα,</span> <span class='ocrx_word' id='word_1_51' title='bbox 1192 715 1226 742; x_wconf 81' lang='grc' dir='ltr'><em>α</em></span> <span class='ocrx_word' id='word_1_52' title='bbox 1206 690 1563 753; x_wconf 62' lang='grc' dir='ltr'>Καλλισθένης</span> <span class='ocrx_word' id='word_1_53' title='bbox 1583 688 1678 758; x_wconf 68' lang='grc' dir='ltr'><em>διῴ-</em></span> 
     </span>
    </p>
   </div>
   <div class='ocr_carea' id='block_1_7' title="bbox 824 801 1079 843">
    <p class='ocr_par' dir='ltr' id='par_1_7' title="bbox 824 801 1079 843">
     <span class='ocr_line' id='line_1_10' title="bbox 824 801 1079 843; baseline 0.012 -14"><span class='ocrx_word' id='word_1_54' title='bbox 824 801 833 820; x_wconf 84' lang='lat'>¹</span> <span class='ocrx_word' id='word_1_55' title='bbox 849 812 927 835; x_wconf 75' lang='grc' dir='ltr'><strong><em>ουτος</em></strong></span> <span class='ocrx_word' id='word_1_56' title='bbox 940 801 952 830; x_wconf 82' lang='grc' dir='ltr'>ὃ</span> <span class='ocrx_word' id='word_1_57' title='bbox 967 802 1027 843; x_wconf 65' lang='grc' dir='ltr'>ἀνὴρ</span> <span class='ocrx_word' id='word_1_58' title='bbox 1041 801 1079 831; x_wconf 80' lang='grc' dir='ltr'>Τ-</span> 
     </span>
    </p>
   </div>
   <div class='ocr_carea' id='block_1_8' title="bbox 227 893 950 2003">
    <p class='ocr_par' dir='ltr' id='par_1_8' title="bbox 227 893 945 1695">
     <span class='ocr_line' id='line_1_11' title="bbox 228 893 934 933; baseline 0 -10"><span class='ocrx_word' id='word_1_59' title='bbox 228 903 309 932; x_wconf 85' lang='lat' dir='ltr'>nym.</span> <span class='ocrx_word' id='word_1_60' title='bbox 325 894 358 923; x_wconf 86' lang='lat' dir='ltr'>in</span> <span class='ocrx_word' id='word_1_61' title='bbox 381 893 480 932; x_wconf 80' lang='lat' dir='ltr'><strong>ejusd.</strong></span> <span class='ocrx_word' id='word_1_62' title='bbox 505 903 621 933; x_wconf 82' lang='lat' dir='ltr'>argum.</span> <span class='ocrx_word' id='word_1_63' title='bbox 646 893 774 932; x_wconf 87' lang='lat' dir='ltr'>Periplo</span> <span class='ocrx_word' id='word_1_64' title='bbox 790 903 821 932; x_wconf 88' lang='lat' dir='ltr'>p.</span> <span class='ocrx_word' id='word_1_65' title='bbox 838 895 870 924; x_wconf 91' lang='lat'>5.</span> <span class='ocrx_word' id='word_1_66' title='bbox 885 893 934 923; x_wconf 85' lang='lat' dir='ltr'>ed.</span> 
     </span>
     <span class='ocr_line' id='line_1_12' title="bbox 227 935 934 976; baseline 0 -10"><span class='ocrx_word' id='word_1_67' title='bbox 227 937 373 966; x_wconf 81' lang='lat' dir='ltr'>Hudson.</span> <span class='ocrx_word' id='word_1_68' title='bbox 396 937 540 976; x_wconf 88' lang='lat' dir='ltr'>Stephan.</span> <span class='ocrx_word' id='word_1_69' title='bbox 557 937 636 976; x_wconf 81' lang='lat' dir='ltr'>Byz.</span> <span class='ocrx_word' id='word_1_70' title='bbox 654 947 684 966; x_wconf 87' lang='lat' dir='ltr'>v.</span> <span class='ocrx_word' id='word_1_71' title='bbox 698 935 841 971; x_wconf 77' lang='grc' dir='ltr'><strong><em>Θεοδοσία,</em></strong></span> <span class='ocrx_word' id='word_1_72' title='bbox 856 935 934 966; x_wconf 80' lang='lat' dir='ltr'>Plin.</span> 
     </span>
     <span class='ocr_line' id='line_1_13' title="bbox 228 978 923 1011; baseline -0.003 -1"><span class='ocrx_word' id='word_1_73' title='bbox 228 980 273 1010; x_wconf 89' lang='lat' dir='ltr'>H.</span> <span class='ocrx_word' id='word_1_74' title='bbox 289 981 330 1010; x_wconf 93' lang='lat' dir='ltr'>N.</span> <span class='ocrx_word' id='word_1_75' title='bbox 354 980 411 1009; x_wconf 86' lang='lat' dir='ltr'>IV.</span> <span class='ocrx_word' id='word_1_76' title='bbox 434 983 483 1010; x_wconf 68' lang='lat'>1²2.</span> <span class='ocrx_word' id='word_1_77' title='bbox 506 982 557 1011; x_wconf 71' lang='lat'>26.</span> <span class='ocrx_word' id='word_1_78' title='bbox 592 978 742 1009; x_wconf 83' lang='lat' dir='ltr'>Ammian.</span> <span class='ocrx_word' id='word_1_79' title='bbox 765 979 923 1009; x_wconf 78' lang='lat' dir='ltr'>XX11.3</span> 
     </span>
     <span class='ocr_line' id='line_1_14' title="bbox 230 1022 936 1063; baseline 0.001 -11"><span class='ocrx_word' id='word_1_80' title='bbox 230 1022 414 1063; x_wconf 79' lang='lat' dir='ltr'>Harpocrat.</span> <span class='ocrx_word' id='word_1_81' title='bbox 430 1023 460 1052; x_wconf 89' lang='lat' dir='ltr'>h.</span> <span class='ocrx_word' id='word_1_82' title='bbox 473 1033 503 1053; x_wconf 88' lang='lat' dir='ltr'>v.</span> <span class='ocrx_word' id='word_1_83' title='bbox 518 1023 661 1053; x_wconf 86' lang='lat' dir='ltr'>Iornand.</span> <span class='ocrx_word' id='word_1_84' title='bbox 678 1023 753 1052; x_wconf 87' lang='lat' dir='ltr'>Rer.</span> <span class='ocrx_word' id='word_1_85' title='bbox 766 1024 838 1052; x_wconf 88' lang='lat' dir='ltr'>Get.</span> <span class='ocrx_word' id='word_1_86' title='bbox 852 1033 878 1051; x_wconf 91' lang='lat' dir='ltr'>c.</span> <span class='ocrx_word' id='word_1_87' title='bbox 892 1024 936 1057; x_wconf 90' lang='grc'>5,</span> 
     </span>
     <span class='ocr_line' id='line_1_15' title="bbox 228 1065 938 1104; baseline 0 -10"><span class='ocrx_word' id='word_1_88' title='bbox 228 1070 263 1094; x_wconf 84' lang='lat' dir='ltr'>ut</span> <span class='ocrx_word' id='word_1_89' title='bbox 292 1065 369 1095; x_wconf 87' lang='lat' dir='ltr'>alios</span> <span class='ocrx_word' id='word_1_90' title='bbox 399 1065 527 1101; x_wconf 84' lang='lat' dir='ltr'>mittam,</span> <span class='ocrx_word' id='word_1_91' title='bbox 558 1075 635 1104; x_wconf 88' lang='lat' dir='ltr'>quos</span> <span class='ocrx_word' id='word_1_92' title='bbox 670 1065 821 1095; x_wconf 82' lang='lat' dir='ltr'>cellarius</span> <span class='ocrx_word' id='word_1_93' title='bbox 852 1065 938 1094; x_wconf 87' lang='lat' dir='ltr'>dedit</span> 
     </span>
     <span class='ocr_line' id='line_1_16' title="bbox 228 1108 937 1147; baseline -0.001 -9"><span class='ocrx_word' id='word_1_94' title='bbox 228 1108 329 1138; x_wconf 89' lang='lat' dir='ltr'>Notit.</span> <span class='ocrx_word' id='word_1_95' title='bbox 348 1109 422 1138; x_wconf 87' lang='lat' dir='ltr'>Orb.</span> <span class='ocrx_word' id='word_1_96' title='bbox 442 1108 535 1147; x_wconf 83' lang='lat' dir='ltr'><strong>antiq.</strong></span> <span class='ocrx_word' id='word_1_97' title='bbox 557 1108 591 1137; x_wconf 88' lang='lat' dir='ltr'>T.</span> <span class='ocrx_word' id='word_1_98' title='bbox 608 1110 633 1137; x_wconf 91' lang='lat'>1.</span> <span class='ocrx_word' id='word_1_99' title='bbox 652 1119 682 1147; x_wconf 89' lang='lat' dir='ltr'>p.</span> <span class='ocrx_word' id='word_1_100' title='bbox 700 1110 773 1138; x_wconf 85' lang='lat'>511.</span> <span class='ocrx_word' id='word_1_101' title='bbox 796 1108 937 1137; x_wconf 88' lang='lat' dir='ltr'>Theudo-</span> 
     </span>
     <span class='ocr_line' id='line_1_17' title="bbox 230 1150 939 1180; baseline 0 0"><span class='ocrx_word' id='word_1_102' title='bbox 230 1150 284 1180; x_wconf 80' lang='lat' dir='ltr'>siae</span> <span class='ocrx_word' id='word_1_103' title='bbox 300 1151 370 1180; x_wconf 91' lang='lat' dir='ltr'>huic</span> <span class='ocrx_word' id='word_1_104' title='bbox 382 1151 411 1180; x_wconf 89' lang='lat' dir='ltr'>in</span> <span class='ocrx_word' id='word_1_105' title='bbox 425 1152 533 1180; x_wconf 87' lang='lat' dir='ltr'>eodem</span> <span class='ocrx_word' id='word_1_106' title='bbox 550 1155 648 1180; x_wconf 82' lang='lat' dir='ltr'>tractu</span> <span class='ocrx_word' id='word_1_107' title='bbox 669 1150 856 1180; x_wconf 76' lang='lat' dir='ltr'>successisse</span> <span class='ocrx_word' id='word_1_108' title='bbox 870 1150 939 1180; x_wconf 84' lang='lat' dir='ltr'>Gaf-</span> 
     </span>
     <span class='ocr_line' id='line_1_18' title="bbox 229 1193 939 1232; baseline 0 -9"><span class='ocrx_word' id='word_1_109' title='bbox 229 1194 301 1229; x_wconf 83' lang='lat' dir='ltr'>fam,</span> <span class='ocrx_word' id='word_1_110' title='bbox 324 1193 494 1232; x_wconf 74' lang='lat' dir='ltr'>emporium</span> <span class='ocrx_word' id='word_1_111' title='bbox 513 1193 665 1232; x_wconf 80' lang='lat' dir='ltr'>hodieque</span> <span class='ocrx_word' id='word_1_112' title='bbox 686 1194 807 1223; x_wconf 80' lang='lat' dir='ltr'>celebre</span> <span class='ocrx_word' id='word_1_113' title='bbox 823 1203 939 1223; x_wconf 86' lang='lat' dir='ltr'>merca-</span> 
     </span>
     <span class='ocr_line' id='line_1_19' title="bbox 231 1236 939 1272; baseline 0 -7"><span class='ocrx_word' id='word_1_114' title='bbox 231 1241 310 1272; x_wconf 80' lang='lat' dir='ltr'>tura,</span> <span class='ocrx_word' id='word_1_115' title='bbox 327 1236 457 1266; x_wconf 84' lang='lat' dir='ltr'>maxime</span> <span class='ocrx_word' id='word_1_116' title='bbox 469 1237 672 1272; x_wconf 78' lang='lat' dir='ltr'>frumentaria,</span> <span class='ocrx_word' id='word_1_117' title='bbox 685 1236 867 1266; x_wconf 77' lang='lat' dir='ltr'>tralaticium</span> <span class='ocrx_word' id='word_1_118' title='bbox 882 1241 939 1266; x_wconf 86' lang='lat' dir='ltr'>est.</span> 
     </span>
     <span class='ocr_line' id='line_1_20' title="bbox 232 1279 939 1318; baseline -0.001 -9"><span class='ocrx_word' id='word_1_119' title='bbox 232 1280 310 1309; x_wconf 83' lang='lat' dir='ltr'>Nam</span> <span class='ocrx_word' id='word_1_120' title='bbox 327 1280 406 1318; x_wconf 83' lang='lat' dir='ltr'>quod</span> <span class='ocrx_word' id='word_1_121' title='bbox 430 1279 564 1309; x_wconf 84' lang='lat' dir='ltr'>Vossius</span> <span class='ocrx_word' id='word_1_122' title='bbox 580 1281 617 1309; x_wconf 83' lang='lat' dir='ltr'>ad</span> <span class='ocrx_word' id='word_1_123' title='bbox 635 1279 783 1318; x_wconf 82' lang='lat' dir='ltr'>Anonym.</span> <span class='ocrx_word' id='word_1_124' title='bbox 800 1279 821 1309; x_wconf 85' lang='lat' dir='ltr'>l.</span> <span class='ocrx_word' id='word_1_125' title='bbox 842 1291 869 1309; x_wconf 87' lang='grc'>0.</span> <span class='ocrx_word' id='word_1_126' title='bbox 887 1279 939 1308; x_wconf 90' lang='lat' dir='ltr'>ob-</span> 
     </span>
     <span class='ocr_line' id='line_1_21' title="bbox 232 1321 940 1362; baseline -0.001 -10"><span class='ocrx_word' id='word_1_127' title='bbox 232 1322 337 1357; x_wconf 78' lang='lat' dir='ltr'>vertit,</span> <span class='ocrx_word' id='word_1_128' title='bbox 362 1323 411 1352; x_wconf 73' lang='grc' dir='ltr'>τῆν</span> <span class='ocrx_word' id='word_1_129' title='bbox 432 1324 519 1362; x_wconf 73' lang='grc' dir='ltr'>Καφέῑ</span> <span class='ocrx_word' id='word_1_130' title='bbox 545 1326 576 1352; x_wconf 84' lang='lat' dir='ltr'>et</span> <span class='ocrx_word' id='word_1_131' title='bbox 601 1321 749 1352; x_wconf 69' lang='grc' dir='ltr'><strong><em>Θευδοσίαν</em></strong></span> <span class='ocrx_word' id='word_1_132' title='bbox 770 1322 940 1360; x_wconf 71' lang='lat' dir='ltr'>posteriore</span> 
     </span>
     <span class='ocr_line' id='line_1_22' title="bbox 233 1364 939 1404; baseline -0.001 -9"><span class='ocrx_word' id='word_1_133' title='bbox 233 1376 300 1396; x_wconf 83' lang='lat' dir='ltr'>aevo</span> <span class='ocrx_word' id='word_1_134' title='bbox 315 1365 396 1395; x_wconf 80' lang='lat' dir='ltr'>inter</span> <span class='ocrx_word' id='word_1_135' title='bbox 413 1375 445 1394; x_wconf 89' lang='lat' dir='ltr'>se</span> <span class='ocrx_word' id='word_1_136' title='bbox 462 1365 621 1404; x_wconf 83' lang='lat' dir='ltr'>distingui,</span> <span class='ocrx_word' id='word_1_137' title='bbox 636 1365 669 1394; x_wconf 87' lang='lat' dir='ltr'>id</span> <span class='ocrx_word' id='word_1_138' title='bbox 690 1365 765 1395; x_wconf 88' lang='lat' dir='ltr'>mihi</span> <span class='ocrx_word' id='word_1_139' title='bbox 780 1365 879 1395; x_wconf 87' lang='lat' dir='ltr'>minus</span> <span class='ocrx_word' id='word_1_140' title='bbox 896 1364 939 1395; x_wconf 91' lang='lat' dir='ltr'>vi-</span> 
     </span>
     <span class='ocr_line' id='line_1_23' title="bbox 233 1408 942 1447; baseline 0 -10"><span class='ocrx_word' id='word_1_141' title='bbox 233 1410 325 1438; x_wconf 81' lang='lat' dir='ltr'>detur</span> <span class='ocrx_word' id='word_1_142' title='bbox 341 1408 533 1447; x_wconf 80' lang='lat' dir='ltr'>exploratum</span> <span class='ocrx_word' id='word_1_143' title='bbox 546 1418 629 1437; x_wconf 85' lang='lat' dir='ltr'>esse.</span> <span class='ocrx_word' id='word_1_144' title='bbox 655 1410 714 1438; x_wconf 89' lang='lat' dir='ltr'>Sua</span> <span class='ocrx_word' id='word_1_145' title='bbox 727 1413 826 1438; x_wconf 86' lang='lat' dir='ltr'>autem</span> <span class='ocrx_word' id='word_1_146' title='bbox 841 1412 942 1442; x_wconf 83' lang='lat' dir='ltr'>aetate,</span> 
     </span>
     <span class='ocr_line' id='line_1_24' title="bbox 234 1450 942 1490; baseline 0 -10"><span class='ocrx_word' id='word_1_147' title='bbox 234 1452 414 1490; x_wconf 87' lang='lat' dir='ltr'>Anonymus</span> <span class='ocrx_word' id='word_1_148' title='bbox 445 1451 504 1480; x_wconf 89' lang='lat' dir='ltr'>iste</span> <span class='ocrx_word' id='word_1_149' title='bbox 537 1452 640 1486; x_wconf 86' lang='lat' dir='ltr'>docet,</span> <span class='ocrx_word' id='word_1_150' title='bbox 671 1451 776 1481; x_wconf 88' lang='lat' dir='ltr'>urbem</span> <span class='ocrx_word' id='word_1_151' title='bbox 811 1450 942 1480; x_wconf 82' lang='lat' dir='ltr'>dialecto</span> 
     </span>
     <span class='ocr_line' id='line_1_25' title="bbox 236 1494 944 1532; baseline -0.001 -8"><span class='ocrx_word' id='word_1_152' title='bbox 236 1495 443 1524; x_wconf 86' lang='lat' dir='ltr'>Barbarorum</span> <span class='ocrx_word' id='word_1_153' title='bbox 459 1494 563 1525; x_wconf 84' lang='lat' dir='ltr'>vocari</span> <span class='ocrx_word' id='word_1_154' title='bbox 578 1495 765 1530; x_wconf 83' lang='lat' dir='ltr'>Ardandam,</span> <span class='ocrx_word' id='word_1_155' title='bbox 786 1495 866 1532; x_wconf 86' lang='lat' dir='ltr'>quod</span> <span class='ocrx_word' id='word_1_156' title='bbox 891 1504 944 1522; x_wconf 88' lang='lat' dir='ltr'>no-</span> 
     </span>
     <span class='ocr_line' id='line_1_26' title="bbox 235 1536 945 1576; baseline -0.003 -10"><span class='ocrx_word' id='word_1_157' title='bbox 235 1548 305 1566; x_wconf 90' lang='lat' dir='ltr'>men</span> <span class='ocrx_word' id='word_1_158' title='bbox 318 1537 435 1575; x_wconf 86' lang='lat' dir='ltr'>abipso</span> <span class='ocrx_word' id='word_1_159' title='bbox 453 1537 626 1576; x_wconf 81' lang='lat' dir='ltr'>explicatur</span> <span class='ocrx_word' id='word_1_160' title='bbox 642 1536 789 1570; x_wconf 81' lang='grc' dir='ltr'><strong><em>ἑπτάθεος.</em></strong></span> <span class='ocrx_word' id='word_1_161' title='bbox 828 1537 896 1567; x_wconf 83' lang='lat' dir='ltr'>Jam</span> <span class='ocrx_word' id='word_1_162' title='bbox 912 1544 945 1565; x_wconf 84' lang='lat' dir='ltr'>ut</span> 
     </span>
     <span class='ocr_line' id='line_1_27' title="bbox 236 1578 946 1619; baseline -0.003 -10"><span class='ocrx_word' id='word_1_163' title='bbox 236 1580 336 1619; x_wconf 81' lang='lat' dir='ltr'>longae</span> <span class='ocrx_word' id='word_1_164' title='bbox 351 1579 553 1609; x_wconf 83' lang='lat' dir='ltr'>annotationis</span> <span class='ocrx_word' id='word_1_165' title='bbox 570 1578 692 1608; x_wconf 83' lang='lat' dir='ltr'>taedium</span> <span class='ocrx_word' id='word_1_166' title='bbox 710 1579 864 1614; x_wconf 86' lang='lat' dir='ltr'>excutias,</span> <span class='ocrx_word' id='word_1_167' title='bbox 883 1578 946 1612; x_wconf 85' lang='lat' dir='ltr'>adi,</span> 
     </span>
     <span class='ocr_line' id='line_1_28' title="bbox 235 1621 942 1662; baseline -0.001 -10"><span class='ocrx_word' id='word_1_168' title='bbox 235 1633 351 1662; x_wconf 82' lang='lat' dir='ltr'>quaeso,</span> <span class='ocrx_word' id='word_1_169' title='bbox 366 1622 522 1652; x_wconf 78' lang='lat' dir='ltr'>laudatum</span> <span class='ocrx_word' id='word_1_170' title='bbox 543 1622 654 1651; x_wconf 90' lang='lat' dir='ltr'>librum</span> <span class='ocrx_word' id='word_1_171' title='bbox 672 1621 789 1652; x_wconf 83' lang='lat' dir='ltr'>Pauwii</span> <span class='ocrx_word' id='word_1_172' title='bbox 815 1632 847 1661; x_wconf 89' lang='lat' dir='ltr'>p.</span> <span class='ocrx_word' id='word_1_173' title='bbox 868 1623 942 1652; x_wconf 80' lang='lat'>334.</span> 
     </span>
     <span class='ocr_line' id='line_1_29' title="bbox 237 1665 464 1695; baseline 0 0"><span class='ocrx_word' id='word_1_174' title='bbox 237 1666 274 1695; x_wconf 92' lang='lat' dir='ltr'>F.</span> <span class='ocrx_word' id='word_1_175' title='bbox 284 1666 323 1695; x_wconf 85' lang='lat' dir='ltr'>A.</span> <span class='ocrx_word' id='word_1_176' title='bbox 340 1665 464 1695; x_wconf 63' lang='lat' dir='ltr'>Womr.</span> 
     </span>
    </p>

    <p class='ocr_par' dir='ltr' id='par_1_9' title="bbox 233 1704 950 2003">
     <span class='ocr_line' id='line_1_30' title="bbox 277 1704 944 1748; baseline -0.001 -11"><span class='ocrx_word' id='word_1_177' title='bbox 277 1706 434 1748; x_wconf 66' lang='grc' dir='ltr'>Προπὲςυσι</span> <span class='ocrx_word' id='word_1_178' title='bbox 444 1705 582 1741; x_wconf 71' lang='grc' dir='ltr'><em>σιτοδείας</em></span> <span class='ocrx_word' id='word_1_179' title='bbox 597 1709 674 1748; x_wconf 76' lang='grc' dir='ltr'>παρὰ</span> <span class='ocrx_word' id='word_1_180' title='bbox 689 1708 777 1737; x_wconf 70' lang='grc' dir='ltr'><strong><em>πᾶσιν</em></strong></span> <span class='ocrx_word' id='word_1_181' title='bbox 793 1704 944 1747; x_wconf 55' lang='grc' dir='ltr'><strong><em>ἀνθρώποις</em></strong></span> 
     </span>
     <span class='ocr_line' id='line_1_31' title="bbox 237 1749 946 1791; baseline -0.003 -11"><span class='ocrx_word' id='word_1_182' title='bbox 237 1749 398 1791; x_wconf 73' lang='grc' dir='ltr'>γενομένης]</span> <span class='ocrx_word' id='word_1_183' title='bbox 424 1750 574 1786; x_wconf 84' lang='lat' dir='ltr'>Aliunde,</span> <span class='ocrx_word' id='word_1_184' title='bbox 599 1760 688 1789; x_wconf 87' lang='lat' dir='ltr'>quam</span> <span class='ocrx_word' id='word_1_185' title='bbox 715 1760 753 1779; x_wconf 84' lang='lat' dir='ltr'>ex</span> <span class='ocrx_word' id='word_1_186' title='bbox 783 1750 840 1779; x_wconf 86' lang='lat' dir='ltr'>hoc</span> <span class='ocrx_word' id='word_1_187' title='bbox 864 1750 946 1785; x_wconf 84' lang='lat' dir='ltr'>loco,</span> 
     </span>
     <span class='ocr_line' id='line_1_32' title="bbox 233 1793 948 1830; baseline -0.004 -7"><span class='ocrx_word' id='word_1_188' title='bbox 233 1804 299 1823; x_wconf 87' lang='lat' dir='ltr'>rem</span> <span class='ocrx_word' id='word_1_189' title='bbox 311 1803 370 1823; x_wconf 88' lang='lat' dir='ltr'>non</span> <span class='ocrx_word' id='word_1_190' title='bbox 385 1793 534 1823; x_wconf 86' lang='lat' dir='ltr'>novimus.</span> <span class='ocrx_word' id='word_1_191' title='bbox 558 1794 684 1823; x_wconf 81' lang='lat' dir='ltr'>Erraret</span> <span class='ocrx_word' id='word_1_192' title='bbox 696 1796 808 1827; x_wconf 85' lang='lat' dir='ltr'>autem,</span> <span class='ocrx_word' id='word_1_193' title='bbox 818 1797 948 1830; x_wconf 84' lang='lat' dir='ltr'>utputo,</span> 
     </span>
     <span class='ocr_line' id='line_1_33' title="bbox 237 1834 948 1875; baseline -0.006 -8"><span class='ocrx_word' id='word_1_194' title='bbox 237 1836 266 1867; x_wconf 87' lang='lat' dir='ltr'>si</span> <span class='ocrx_word' id='word_1_195' title='bbox 282 1836 351 1875; x_wconf 90' lang='lat' dir='ltr'>quis</span> <span class='ocrx_word' id='word_1_196' title='bbox 369 1846 490 1875; x_wconf 83' lang='lat' dir='ltr'>gravem</span> <span class='ocrx_word' id='word_1_197' title='bbox 507 1837 627 1871; x_wconf 85' lang='lat' dir='ltr'>famem,</span> <span class='ocrx_word' id='word_1_198' title='bbox 641 1844 829 1864; x_wconf 86' lang='lat' dir='ltr'>communem</span> <span class='ocrx_word' id='word_1_199' title='bbox 841 1834 948 1864; x_wconf 90' lang='lat' dir='ltr'>multis</span> 
     </span>
     <span class='ocr_line' id='line_1_34' title="bbox 238 1877 950 1917; baseline -0.004 -8"><span class='ocrx_word' id='word_1_200' title='bbox 238 1879 340 1914; x_wconf 88' lang='lat' dir='ltr'>terris,</span> <span class='ocrx_word' id='word_1_201' title='bbox 362 1879 563 1917; x_wconf 86' lang='lat' dir='ltr'>exsculperet</span> <span class='ocrx_word' id='word_1_202' title='bbox 585 1889 602 1907; x_wconf 89' lang='lat' dir='ltr'>e</span> <span class='ocrx_word' id='word_1_203' title='bbox 625 1877 729 1907; x_wconf 84' lang='lat' dir='ltr'>verbis</span> <span class='ocrx_word' id='word_1_204' title='bbox 753 1879 839 1916; x_wconf 65' lang='lat' dir='ltr'>wag&amp;</span> <span class='ocrx_word' id='word_1_205' title='bbox 862 1879 950 1908; x_wconf 70' lang='grc' dir='ltr'><strong><em>πᾶσιν</em></strong></span> 
     </span>
     <span class='ocr_line' id='line_1_35' title="bbox 238 1919 947 1963; baseline -0.004 -11"><span class='ocrx_word' id='word_1_206' title='bbox 238 1921 393 1963; x_wconf 74' lang='grc' dir='ltr'>ἀνθρώποις.</span> <span class='ocrx_word' id='word_1_207' title='bbox 428 1921 519 1950; x_wconf 78' lang='lat' dir='ltr'>Certe</span> <span class='ocrx_word' id='word_1_208' title='bbox 536 1920 609 1950; x_wconf 86' lang='lat' dir='ltr'>alibi</span> <span class='ocrx_word' id='word_1_209' title='bbox 626 1925 690 1950; x_wconf 90' lang='lat' dir='ltr'>tum</span> <span class='ocrx_word' id='word_1_210' title='bbox 701 1919 759 1955; x_wconf 86' lang='lat' dir='ltr'>his,</span> <span class='ocrx_word' id='word_1_211' title='bbox 775 1925 839 1949; x_wconf 88' lang='lat' dir='ltr'>tum</span> <span class='ocrx_word' id='word_1_212' title='bbox 855 1919 947 1950; x_wconf 88' lang='lat' dir='ltr'>simili</span> 
     </span>
     <span class='ocr_line' id='line_1_36' title="bbox 240 1962 949 2003; baseline -0.006 -7"><span class='ocrx_word' id='word_1_213' title='bbox 240 1975 330 2000; x_wconf 89' lang='lat' dir='ltr'>voce,</span> <span class='ocrx_word' id='word_1_214' title='bbox 362 1965 376 1995; x_wconf 77' lang='grc' dir='ltr'>ἧ</span> <span class='ocrx_word' id='word_1_215' title='bbox 407 1962 560 2003; x_wconf 79' lang='grc' dir='ltr'><strong><em>οἰκουμένη,</em></strong></span> <span class='ocrx_word' id='word_1_216' title='bbox 592 1962 717 2003; x_wconf 82' lang='lat' dir='ltr'>superbi</span> <span class='ocrx_word' id='word_1_217' title='bbox 745 1963 949 1993; x_wconf 86' lang='lat' dir='ltr'>Athenienses</span> 
     </span>
    </p>
   </div>
   <div class='ocr_carea' id='block_1_9' title="bbox 968 890 1681 975">
    <p class='ocr_par' dir='ltr' id='par_1_10' title="bbox 968 890 1681 975">
     <span class='ocr_line' id='line_1_37' title="bbox 968 890 1681 932; baseline -0.006 -8"><span class='ocrx_word' id='word_1_218' title='bbox 968 895 1085 930; x_wconf 82' lang='lat' dir='ltr'>limum,</span> <span class='ocrx_word' id='word_1_219' title='bbox 1112 904 1129 922; x_wconf 80' lang='lat' dir='ltr'>a</span> <span class='ocrx_word' id='word_1_220' title='bbox 1156 893 1341 932; x_wconf 85' lang='lat' dir='ltr'>Geographo</span> <span class='ocrx_word' id='word_1_221' title='bbox 1367 892 1398 922; x_wconf 92' lang='lat' dir='ltr'>in</span> <span class='ocrx_word' id='word_1_222' title='bbox 1423 891 1483 922; x_wconf 80' lang='lat' dir='ltr'>ista</span> <span class='ocrx_word' id='word_1_223' title='bbox 1508 890 1681 921; x_wconf 76' lang='lat' dir='ltr'>narratione</span> 
     </span>
     <span class='ocr_line' id='line_1_38' title="bbox 969 934 1680 975; baseline -0.004 -9"><span class='ocrx_word' id='word_1_224' title='bbox 969 941 1084 967; x_wconf 89' lang='lat' dir='ltr'>certum</span> <span class='ocrx_word' id='word_1_225' title='bbox 1098 937 1251 975; x_wconf 85' lang='lat' dir='ltr'>quoddam</span> <span class='ocrx_word' id='word_1_226' title='bbox 1261 941 1383 975; x_wconf 85' lang='lat' dir='ltr'>tempus</span> <span class='ocrx_word' id='word_1_227' title='bbox 1395 934 1563 972; x_wconf 78' lang='lat' dir='ltr'>designari.</span> <span class='ocrx_word' id='word_1_228' title='bbox 1590 934 1680 964; x_wconf 88' lang='lat' dir='ltr'>Sum·</span> 
     </span>
    </p>
   </div>
   <div class='ocr_carea' id='block_1_10' title="bbox 905 979 1682 1019">
    <p class='ocr_par' dir='ltr' id='par_1_11' title="bbox 905 979 1682 1019">
     <span class='ocr_line' id='line_1_39' title="bbox 905 979 1682 1019; baseline -0.004 -10.908"><span class='ocrx_word' id='word_1_229' title='bbox 905 981 935 1009; x_wconf 83' lang='grc'>8.</span> <span class='ocrx_word' id='word_1_230' title='bbox 969 991 1019 1010; x_wconf 83' lang='lat' dir='ltr'>ma</span> <span class='ocrx_word' id='word_1_231' title='bbox 1034 980 1156 1019; x_wconf 88' lang='lat' dir='ltr'>quidem</span> <span class='ocrx_word' id='word_1_232' title='bbox 1168 979 1389 1009; x_wconf 88' lang='lat' dir='ltr'>medimnorum</span> <span class='ocrx_word' id='word_1_233' title='bbox 1406 980 1424 1008; x_wconf 71' lang='lat'><strong>2</strong></span> <span class='ocrx_word' id='word_1_234' title='bbox 1440 980 1501 1007; x_wconf 91' lang='grc'>100</span> <span class='ocrx_word' id='word_1_235' title='bbox 1517 979 1580 1007; x_wconf 92' lang='lat'>000</span> <span class='ocrx_word' id='word_1_236' title='bbox 1594 986 1682 1006; x_wconf 90' lang='lat' dir='ltr'>enor-</span> 
     </span>
    </p>
   </div>
   <div class='ocr_carea' id='block_1_11' title="bbox 970 1021 1694 1997">
    <p class='ocr_par' dir='ltr' id='par_1_12' title="bbox 970 1021 1694 1993">
     <span class='ocr_line' id='line_1_40' title="bbox 970 1021 1681 1062; baseline -0.007 -9"><span class='ocrx_word' id='word_1_237' title='bbox 970 1023 1027 1053; x_wconf 83' lang='lat' dir='ltr'>mis</span> <span class='ocrx_word' id='word_1_238' title='bbox 1042 1028 1100 1058; x_wconf 89' lang='lat' dir='ltr'>est,</span> <span class='ocrx_word' id='word_1_239' title='bbox 1116 1022 1289 1062; x_wconf 75' lang='lat' dir='ltr'>praesertim</span> <span class='ocrx_word' id='word_1_240' title='bbox 1305 1022 1329 1052; x_wconf 89' lang='lat' dir='ltr'>si</span> <span class='ocrx_word' id='word_1_241' title='bbox 1345 1021 1413 1061; x_wconf 87' lang='lat' dir='ltr'>quis</span> <span class='ocrx_word' id='word_1_242' title='bbox 1426 1031 1485 1050; x_wconf 88' lang='lat' dir='ltr'>nno</span> <span class='ocrx_word' id='word_1_243' title='bbox 1501 1030 1578 1050; x_wconf 86' lang='lat' dir='ltr'>anno</span> <span class='ocrx_word' id='word_1_244' title='bbox 1591 1023 1681 1059; x_wconf 76' lang='lat' dir='ltr'>putet</span> 
     </span>
     <span class='ocr_line' id='line_1_41' title="bbox 971 1065 1677 1104; baseline -0.007 -8"><span class='ocrx_word' id='word_1_245' title='bbox 971 1066 1107 1100; x_wconf 84' lang='lat' dir='ltr'>missam,</span> <span class='ocrx_word' id='word_1_246' title='bbox 1134 1065 1216 1104; x_wconf 83' lang='lat' dir='ltr'>quod</span> <span class='ocrx_word' id='word_1_247' title='bbox 1247 1070 1348 1095; x_wconf 85' lang='lat' dir='ltr'>tamen</span> <span class='ocrx_word' id='word_1_248' title='bbox 1378 1074 1438 1094; x_wconf 88' lang='lat' dir='ltr'>non</span> <span class='ocrx_word' id='word_1_249' title='bbox 1465 1067 1513 1093; x_wconf 90' lang='lat' dir='ltr'>est</span> <span class='ocrx_word' id='word_1_250' title='bbox 1538 1072 1677 1092; x_wconf 87' lang='lat' dir='ltr'>necesse.</span> 
     </span>
     <span class='ocr_line' id='line_1_42' title="bbox 972 1103 1681 1146; baseline -0.007 -8"><span class='ocrx_word' id='word_1_251' title='bbox 972 1112 1012 1138; x_wconf 87' lang='lat' dir='ltr'>At</span> <span class='ocrx_word' id='word_1_252' title='bbox 1039 1107 1257 1138; x_wconf 85' lang='lat' dir='ltr'>Demosthenis</span> <span class='ocrx_word' id='word_1_253' title='bbox 1281 1108 1385 1144; x_wconf 86' lang='lat' dir='ltr'>verba,</span> <span class='ocrx_word' id='word_1_254' title='bbox 1408 1116 1475 1146; x_wconf 84' lang='lat' dir='ltr'>quae</span> <span class='ocrx_word' id='word_1_255' title='bbox 1499 1105 1602 1145; x_wconf 85' lang='lat' dir='ltr'>posui,</span> <span class='ocrx_word' id='word_1_256' title='bbox 1626 1103 1681 1133; x_wconf 87' lang='lat' dir='ltr'>vix</span> 
     </span>
     <span class='ocr_line' id='line_1_43' title="bbox 973 1146 1682 1189; baseline -0.007 -9"><span class='ocrx_word' id='word_1_257' title='bbox 973 1150 1049 1181; x_wconf 86' lang='lat' dir='ltr'>satis</span> <span class='ocrx_word' id='word_1_258' title='bbox 1072 1151 1153 1180; x_wconf 87' lang='lat' dir='ltr'>clara</span> <span class='ocrx_word' id='word_1_259' title='bbox 1174 1150 1268 1180; x_wconf 88' lang='lat' dir='ltr'>hodie</span> <span class='ocrx_word' id='word_1_260' title='bbox 1293 1160 1359 1180; x_wconf 87' lang='lat' dir='ltr'>esse</span> <span class='ocrx_word' id='word_1_261' title='bbox 1383 1153 1525 1189; x_wconf 87' lang='lat' dir='ltr'>possunt,</span> <span class='ocrx_word' id='word_1_262' title='bbox 1540 1158 1596 1177; x_wconf 78' lang='lat' dir='ltr'>nus</span> <span class='ocrx_word' id='word_1_263' title='bbox 1593 1146 1682 1186; x_wconf 71' lang='lat' dir='ltr'>piam</span> 
     </span>
     <span class='ocr_line' id='line_1_44' title="bbox 973 1190 1682 1231; baseline -0.007 -8"><span class='ocrx_word' id='word_1_264' title='bbox 973 1194 1061 1223; x_wconf 88' lang='lat' dir='ltr'>nobis</span> <span class='ocrx_word' id='word_1_265' title='bbox 1079 1193 1208 1229; x_wconf 84' lang='lat' dir='ltr'>edoctis,</span> <span class='ocrx_word' id='word_1_266' title='bbox 1224 1194 1275 1223; x_wconf 86' lang='lat' dir='ltr'>cui</span> <span class='ocrx_word' id='word_1_267' title='bbox 1299 1192 1422 1222; x_wconf 80' lang='lat' dir='ltr'>tandem</span> <span class='ocrx_word' id='word_1_268' title='bbox 1443 1190 1582 1231; x_wconf 87' lang='lat' dir='ltr'>pecuniae</span> <span class='ocrx_word' id='word_1_269' title='bbox 1602 1200 1682 1228; x_wconf 80' lang='lat' dir='ltr'>prae·</span> 
     </span>
     <span class='ocr_line' id='line_1_45' title="bbox 974 1232 1682 1273; baseline -0.007 -7"><span class='ocrx_word' id='word_1_270' title='bbox 974 1238 1072 1266; x_wconf 82' lang='lat' dir='ltr'>fectus</span> <span class='ocrx_word' id='word_1_271' title='bbox 1101 1236 1303 1266; x_wconf 81' lang='lat' dir='ltr'>Callisthenes</span> <span class='ocrx_word' id='word_1_272' title='bbox 1328 1235 1436 1273; x_wconf 77' lang='lat' dir='ltr'>suerit3</span> <span class='ocrx_word' id='word_1_273' title='bbox 1465 1244 1554 1273; x_wconf 89' lang='lat' dir='ltr'>quem</span> <span class='ocrx_word' id='word_1_274' title='bbox 1581 1232 1682 1271; x_wconf 85' lang='lat' dir='ltr'>ipsum</span> 
     </span>
     <span class='ocr_line' id='line_1_46' title="bbox 975 1279 1682 1317; baseline -0.007 -8"><span class='ocrx_word' id='word_1_275' title='bbox 975 1280 1115 1309; x_wconf 83' lang='lat' dir='ltr'>dicamus</span> <span class='ocrx_word' id='word_1_276' title='bbox 1150 1284 1253 1308; x_wconf 88' lang='lat' dir='ltr'>notum</span> <span class='ocrx_word' id='word_1_277' title='bbox 1289 1279 1493 1317; x_wconf 84' lang='lat' dir='ltr'>demagogum</span> <span class='ocrx_word' id='word_1_278' title='bbox 1528 1285 1610 1310; x_wconf 86' lang='lat' dir='ltr'>esse,</span> <span class='ocrx_word' id='word_1_279' title='bbox 1644 1284 1682 1304; x_wconf 78' lang='lat' dir='ltr'>un</span> 
     </span>
     <span class='ocr_line' id='line_1_47' title="bbox 975 1318 1683 1362; baseline -0.007 -10"><span class='ocrx_word' id='word_1_280' title='bbox 975 1333 1064 1362; x_wconf 90' lang='lat' dir='ltr'>quem</span> <span class='ocrx_word' id='word_1_281' title='bbox 1076 1322 1183 1358; x_wconf 88' lang='lat' dir='ltr'>alium,</span> <span class='ocrx_word' id='word_1_282' title='bbox 1198 1322 1348 1351; x_wconf 86' lang='lat' dir='ltr'>incertum</span> <span class='ocrx_word' id='word_1_283' title='bbox 1364 1325 1423 1351; x_wconf 83' lang='lat' dir='ltr'>est.</span> <span class='ocrx_word' id='word_1_284' title='bbox 1445 1319 1504 1350; x_wconf 90' lang='lat' dir='ltr'>Vel</span> <span class='ocrx_word' id='word_1_285' title='bbox 1521 1318 1566 1348; x_wconf 88' lang='lat' dir='ltr'>sic</span> <span class='ocrx_word' id='word_1_286' title='bbox 1583 1322 1683 1348; x_wconf 85' lang='lat' dir='ltr'>tamen</span> 
     </span>
     <span class='ocr_line' id='line_1_48' title="bbox 976 1362 1683 1400; baseline -0.008 -5"><span class='ocrx_word' id='word_1_287' title='bbox 976 1365 1158 1395; x_wconf 87' lang='lat' dir='ltr'>vocabulum</span> <span class='ocrx_word' id='word_1_288' title='bbox 1190 1365 1321 1394; x_wconf 81' lang='grc' dir='ltr'><strong><em>τοσοῦτον</em></strong></span> <span class='ocrx_word' id='word_1_289' title='bbox 1354 1367 1496 1393; x_wconf 86' lang='lat' dir='ltr'>accurate</span> <span class='ocrx_word' id='word_1_290' title='bbox 1531 1362 1683 1400; x_wconf 88' lang='lat' dir='ltr'>legentem</span> 
     </span>
     <span class='ocr_line' id='line_1_49' title="bbox 979 1403 1684 1447; baseline -0.007 -9"><span class='ocrx_word' id='word_1_291' title='bbox 979 1408 1176 1438; x_wconf 83' lang='lat' dir='ltr'>suboffendat</span> <span class='ocrx_word' id='word_1_292' title='bbox 1199 1411 1331 1447; x_wconf 86' lang='lat' dir='ltr'>oportet.</span> <span class='ocrx_word' id='word_1_293' title='bbox 1374 1407 1409 1436; x_wconf 91' lang='lat' dir='ltr'>In</span> <span class='ocrx_word' id='word_1_294' title='bbox 1430 1416 1493 1446; x_wconf 91' lang='lat' dir='ltr'>quo</span> <span class='ocrx_word' id='word_1_295' title='bbox 1521 1403 1684 1434; x_wconf 80' lang='lat' dir='ltr'>mirificum</span> 
     </span>
     <span class='ocr_line' id='line_1_50' title="bbox 978 1447 1685 1487; baseline -0.008 -6"><span class='ocrx_word' id='word_1_296' title='bbox 978 1456 1036 1487; x_wconf 70' lang='lat' dir='ltr'>est,</span> <span class='ocrx_word' id='word_1_297' title='bbox 1071 1451 1288 1481; x_wconf 87' lang='lat' dir='ltr'>Marklandum</span> <span class='ocrx_word' id='word_1_298' title='bbox 1319 1454 1352 1479; x_wconf 87' lang='lat' dir='ltr'>et</span> <span class='ocrx_word' id='word_1_299' title='bbox 1383 1447 1560 1482; x_wconf 86' lang='lat' dir='ltr'>Reiskium,</span> <span class='ocrx_word' id='word_1_300' title='bbox 1589 1456 1685 1486; x_wconf 89' lang='lat' dir='ltr'>quum</span> 
     </span>
     <span class='ocr_line' id='line_1_51' title="bbox 977 1489 1685 1534; baseline -0.007 -10"><span class='ocrx_word' id='word_1_301' title='bbox 977 1494 1167 1534; x_wconf 84' lang='lat' dir='ltr'>corrigerent</span> <span class='ocrx_word' id='word_1_302' title='bbox 1195 1494 1274 1522; x_wconf 67' lang='grc' dir='ltr'>ἀλλὰ</span> <span class='ocrx_word' id='word_1_303' title='bbox 1304 1492 1352 1521; x_wconf 78' lang='grc' dir='ltr'>καὶ</span> <span class='ocrx_word' id='word_1_304' title='bbox 1379 1492 1520 1526; x_wconf 79' lang='grc' dir='ltr'><strong><em>τοσοῦτον,</em></strong></span> <span class='ocrx_word' id='word_1_305' title='bbox 1548 1489 1622 1531; x_wconf 84' lang='lat' dir='ltr'>(uec</span> <span class='ocrx_word' id='word_1_306' title='bbox 1651 1489 1685 1519; x_wconf 89' lang='lat' dir='ltr'>id</span> 
     </span>
     <span class='ocr_line' id='line_1_52' title="bbox 978 1533 1686 1576; baseline -0.008 -10"><span class='ocrx_word' id='word_1_307' title='bbox 978 1538 1081 1576; x_wconf 87' lang='lat' dir='ltr'>ipsum</span> <span class='ocrx_word' id='word_1_308' title='bbox 1112 1540 1206 1572; x_wconf 87' lang='lat' dir='ltr'>recte,</span> <span class='ocrx_word' id='word_1_309' title='bbox 1233 1546 1301 1565; x_wconf 89' lang='lat' dir='ltr'>nam</span> <span class='ocrx_word' id='word_1_310' title='bbox 1327 1534 1390 1564; x_wconf 86' lang='lat' dir='ltr'>vim</span> <span class='ocrx_word' id='word_1_311' title='bbox 1417 1533 1565 1564; x_wconf 84' lang='lat' dir='ltr'>orationis</span> <span class='ocrx_word' id='word_1_312' title='bbox 1593 1536 1686 1571; x_wconf 75' lang='lat' dir='ltr'>auget</span> 
     </span>
     <span class='ocr_line' id='line_1_53' title="bbox 977 1575 1685 1618; baseline -0.008 -9"><span class='ocrx_word' id='word_1_313' title='bbox 977 1584 1047 1618; x_wconf 86' lang='lat' dir='ltr'>post</span> <span class='ocrx_word' id='word_1_314' title='bbox 1057 1579 1085 1608; x_wconf 79' lang='grc' dir='ltr'>οὗ</span> <span class='ocrx_word' id='word_1_315' title='bbox 1100 1578 1177 1618; x_wconf 82' lang='grc' dir='ltr'><strong><em>μόνον</em></strong></span> <span class='ocrx_word' id='word_1_316' title='bbox 1189 1578 1337 1608; x_wconf 88' lang='lat' dir='ltr'>omissum</span> <span class='ocrx_word' id='word_1_317' title='bbox 1349 1576 1408 1612; x_wconf 73' lang='grc' dir='ltr'>καὶ,</span> <span class='ocrx_word' id='word_1_318' title='bbox 1423 1582 1457 1606; x_wconf 87' lang='lat' dir='ltr'>nt</span> <span class='ocrx_word' id='word_1_319' title='bbox 1472 1576 1579 1606; x_wconf 81' lang='lat' dir='ltr'>Latine</span> <span class='ocrx_word' id='word_1_320' title='bbox 1594 1579 1622 1604; x_wconf 87' lang='lat' dir='ltr'>et</span> <span class='ocrx_word' id='word_1_321' title='bbox 1635 1575 1685 1604; x_wconf 89' lang='lat' dir='ltr'>vel</span> 
     </span>
     <span class='ocr_line' id='line_1_54' title="bbox 978 1616 1688 1659; baseline -0.008 -8"><span class='ocrx_word' id='word_1_322' title='bbox 978 1623 1066 1652; x_wconf 77' lang='lat' dir='ltr'>etiam</span> <span class='ocrx_word' id='word_1_323' title='bbox 1081 1621 1182 1651; x_wconf 81' lang='lat' dir='ltr'>omitti</span> <span class='ocrx_word' id='word_1_324' title='bbox 1195 1621 1273 1650; x_wconf 86' lang='lat' dir='ltr'>solet</span> <span class='ocrx_word' id='word_1_325' title='bbox 1289 1623 1357 1659; x_wconf 86' lang='lat' dir='ltr'>post</span> <span class='ocrx_word' id='word_1_326' title='bbox 1372 1620 1478 1655; x_wconf 86' lang='lat' dir='ltr'>verba,</span> <span class='ocrx_word' id='word_1_327' title='bbox 1494 1628 1552 1648; x_wconf 81' lang='lat' dir='ltr'>non</span> <span class='ocrx_word' id='word_1_328' title='bbox 1566 1616 1666 1646; x_wconf 85' lang='lat' dir='ltr'>modo</span> <span class='ocrx_word' id='word_1_329' title='bbox 1662 1616 1688 1658; x_wconf 93' lang='lat'>·)</span> 
     </span>
     <span class='ocr_line' id='line_1_55' title="bbox 980 1659 1689 1703; baseline -0.006 -9"><span class='ocrx_word' id='word_1_330' title='bbox 980 1665 1055 1694; x_wconf 87' lang='lat' dir='ltr'>nihil</span> <span class='ocrx_word' id='word_1_331' title='bbox 1081 1664 1163 1693; x_wconf 84' lang='lat' dir='ltr'>aliud</span> <span class='ocrx_word' id='word_1_332' title='bbox 1188 1663 1311 1703; x_wconf 86' lang='lat' dir='ltr'>gravius</span> <span class='ocrx_word' id='word_1_333' title='bbox 1333 1663 1364 1692; x_wconf 88' lang='lat' dir='ltr'>in</span> <span class='ocrx_word' id='word_1_334' title='bbox 1386 1663 1416 1691; x_wconf 93' lang='lat' dir='ltr'>h.</span> <span class='ocrx_word' id='word_1_335' title='bbox 1438 1663 1459 1691; x_wconf 93' lang='lat' dir='ltr'>l.</span> <span class='ocrx_word' id='word_1_336' title='bbox 1483 1659 1689 1690; x_wconf 87' lang='lat' dir='ltr'>annotandum</span> 
     </span>
     <span class='ocr_line' id='line_1_56' title="bbox 981 1704 1688 1746; baseline -0.007 -10"><span class='ocrx_word' id='word_1_337' title='bbox 981 1706 1148 1746; x_wconf 78' lang='lat' dir='ltr'>reperisse,</span> <span class='ocrx_word' id='word_1_338' title='bbox 1177 1706 1304 1745; x_wconf 85' lang='lat' dir='ltr'>perinde</span> <span class='ocrx_word' id='word_1_339' title='bbox 1329 1704 1413 1743; x_wconf 85' lang='lat' dir='ltr'>quasi</span> <span class='ocrx_word' id='word_1_340' title='bbox 1448 1707 1555 1733; x_wconf 85' lang='lat' dir='ltr'>neuter</span> <span class='ocrx_word' id='word_1_341' title='bbox 1586 1712 1688 1732; x_wconf 88' lang='lat' dir='ltr'>eorum</span> 
     </span>
     <span class='ocr_line' id='line_1_57' title="bbox 981 1746 1686 1788; baseline -0.007 -9"><span class='ocrx_word' id='word_1_342' title='bbox 981 1760 1113 1788; x_wconf 85' lang='lat' dir='ltr'>unquam</span> <span class='ocrx_word' id='word_1_343' title='bbox 1131 1748 1238 1778; x_wconf 87' lang='lat' dir='ltr'>Wolfii</span> <span class='ocrx_word' id='word_1_344' title='bbox 1262 1752 1364 1777; x_wconf 86' lang='lat' dir='ltr'>uotam</span> <span class='ocrx_word' id='word_1_345' title='bbox 1385 1746 1525 1781; x_wconf 88' lang='lat' dir='ltr'>vidisset,</span> <span class='ocrx_word' id='word_1_346' title='bbox 1541 1754 1608 1784; x_wconf 81' lang='lat' dir='ltr'>quae</span> <span class='ocrx_word' id='word_1_347' title='bbox 1624 1750 1686 1775; x_wconf 86' lang='lat' dir='ltr'>tam</span> 
     </span>
     <span class='ocr_line' id='line_1_58' title="bbox 980 1787 1689 1823; baseline -0.008 -1"><span class='ocrx_word' id='word_1_348' title='bbox 980 1793 1080 1822; x_wconf 87' lang='lat' dir='ltr'>lenem</span> <span class='ocrx_word' id='word_1_349' title='bbox 1107 1792 1199 1821; x_wconf 86' lang='lat' dir='ltr'>habet</span> <span class='ocrx_word' id='word_1_350' title='bbox 1227 1791 1315 1820; x_wconf 90' lang='lat' dir='ltr'>unius</span> <span class='ocrx_word' id='word_1_351' title='bbox 1342 1789 1429 1820; x_wconf 88' lang='lat' dir='ltr'>vocis</span> <span class='ocrx_word' id='word_1_352' title='bbox 1455 1787 1689 1823; x_wconf 85' lang='lat' dir='ltr'>correctionem,</span> 
     </span>
     <span class='ocr_line' id='line_1_59' title="bbox 981 1830 1691 1874; baseline -0.008 -9"><span class='ocrx_word' id='word_1_353' title='bbox 981 1835 1087 1874; x_wconf 86' lang='lat' dir='ltr'>reique</span> <span class='ocrx_word' id='word_1_354' title='bbox 1106 1844 1280 1872; x_wconf 84' lang='lat' dir='ltr'>congruam,</span> <span class='ocrx_word' id='word_1_355' title='bbox 1298 1843 1386 1872; x_wconf 82' lang='lat' dir='ltr'>quam</span> <span class='ocrx_word' id='word_1_356' title='bbox 1408 1842 1534 1871; x_wconf 85' lang='lat' dir='ltr'>nuperae</span> <span class='ocrx_word' id='word_1_357' title='bbox 1552 1830 1691 1869; x_wconf 81' lang='lat' dir='ltr'>explica-</span> 
     </span>
     <span class='ocr_line' id='line_1_60' title="bbox 983 1873 1694 1925; baseline -0.007 -18"><span class='ocrx_word' id='word_1_358' title='bbox 983 1878 1071 1913; x_wconf 87' lang='lat' dir='ltr'>tioni,</span> <span class='ocrx_word' id='word_1_359' title='bbox 1092 1888 1128 1906; x_wconf 87' lang='lat' dir='ltr'>an</span> <span class='ocrx_word' id='word_1_360' title='bbox 1152 1876 1344 1925; x_wconf 80' lang='lat' dir='ltr'>divinationi,</span> <span class='ocrx_word' id='word_1_361' title='bbox 1366 1884 1455 1904; x_wconf 89' lang='lat' dir='ltr'>nemo</span> <span class='ocrx_word' id='word_1_362' title='bbox 1475 1874 1620 1913; x_wconf 87' lang='lat' dir='ltr'>praeferre</span> <span class='ocrx_word' id='word_1_363' title='bbox 1636 1873 1694 1903; x_wconf 90' lang='lat' dir='ltr'>du-</span> 
     </span>
     <span class='ocr_line' id='line_1_61' title="bbox 983 1916 1692 1956; baseline -0.007 -6"><span class='ocrx_word' id='word_1_364' title='bbox 983 1921 1071 1951; x_wconf 87' lang='lat' dir='ltr'>bitet.</span> <span class='ocrx_word' id='word_1_365' title='bbox 1106 1919 1158 1949; x_wconf 89' lang='lat' dir='ltr'>Sic</span> <span class='ocrx_word' id='word_1_366' title='bbox 1185 1919 1264 1948; x_wconf 91' lang='lat' dir='ltr'>enim</span> <span class='ocrx_word' id='word_1_367' title='bbox 1289 1919 1363 1948; x_wconf 85' lang='lat' dir='ltr'>ille:</span> <span class='ocrx_word' id='word_1_368' title='bbox 1389 1917 1482 1952; x_wconf 76' lang='lat' dir='ltr'>Quid,</span> <span class='ocrx_word' id='word_1_369' title='bbox 1510 1917 1535 1946; x_wconf 81' lang='lat' dir='ltr'>si</span> <span class='ocrx_word' id='word_1_370' title='bbox 1560 1916 1692 1956; x_wconf 78' lang='lat' dir='ltr'>legamus</span> 
     </span>
     <span class='ocr_line' id='line_1_62' title="bbox 984 1957 1692 1997; baseline -0.007 -4"><span class='ocrx_word' id='word_1_371' title='bbox 984 1965 1084 1993; x_wconf 74' lang='grc' dir='ltr'>ἀλλὰ</span> <span class='ocrx_word' id='word_1_372' title='bbox 1106 1962 1291 1997; x_wconf 74' lang='grc' dir='ltr'><strong><em>τοσούτου,</em></strong></span> <span class='ocrx_word' id='word_1_373' title='bbox 1322 1962 1352 1991; x_wconf 96' lang='grc'>11.</span> <span class='ocrx_word' id='word_1_374' title='bbox 1371 1971 1395 1990; x_wconf 88' lang='lat' dir='ltr'>e.</span> <span class='ocrx_word' id='word_1_375' title='bbox 1419 1971 1529 1993; x_wconf 80' lang='grc' dir='ltr'><strong><em>ουτως</em></strong></span> <span class='ocrx_word' id='word_1_376' title='bbox 1551 1957 1692 1989; x_wconf 60' lang='grc' dir='ltr'>εὔωνον.)</span> 
     </span>
    </p>
   </div>
   <div class='ocr_carea' id='block_1_12' title="bbox 239 2002 1694 2091">
    <p class='ocr_par' dir='ltr' id='par_1_13' title="bbox 239 2002 1694 2091">
     <span class='ocr_line' id='line_1_63' title="bbox 241 2002 1694 2052; baseline -0.006 -14"><span class='ocrx_word' id='word_1_377' title='bbox 241 2012 365 2038; x_wconf 86' lang='lat' dir='ltr'>utuntur</span> <span class='ocrx_word' id='word_1_378' title='bbox 390 2007 445 2042; x_wconf 85' lang='lat' dir='ltr'>ita,</span> <span class='ocrx_word' id='word_1_379' title='bbox 471 2011 506 2036; x_wconf 90' lang='lat' dir='ltr'>ut</span> <span class='ocrx_word' id='word_1_380' title='bbox 533 2008 652 2045; x_wconf 81' lang='lat' dir='ltr'>majus</span> <span class='ocrx_word' id='word_1_381' title='bbox 663 2005 807 2045; x_wconf 82' lang='lat' dir='ltr'>quiddam</span> <span class='ocrx_word' id='word_1_382' title='bbox 844 2010 950 2035; x_wconf 87' lang='lat' dir='ltr'>sonent</span> <span class='ocrx_word' id='word_1_383' title='bbox 990 2005 1032 2036; x_wconf 82' lang='lat' dir='ltr'>Ut</span> <span class='ocrx_word' id='word_1_384' title='bbox 1046 2005 1230 2046; x_wconf 75' lang='lat' dir='ltr'>significetur</span> <span class='ocrx_word' id='word_1_385' title='bbox 1244 2004 1353 2043; x_wconf 69' lang='lat' dir='ltr'>duplex</span> <span class='ocrx_word' id='word_1_386' title='bbox 1366 2002 1545 2052; x_wconf 79' lang='lat' dir='ltr'>beneficium,</span> <span class='ocrx_word' id='word_1_387' title='bbox 1564 2007 1592 2032; x_wconf 84' lang='lat' dir='ltr'>et</span> <span class='ocrx_word' id='word_1_388' title='bbox 1610 2002 1694 2040; x_wconf 73' lang='lat' dir='ltr'>copia</span> 
     </span>
     <span class='ocr_line' id='line_1_64' title="bbox 239 2044 1694 2091; baseline -0.005 -11"><span class='ocrx_word' id='word_1_389' title='bbox 239 2052 344 2087; x_wconf 85' lang='lat' dir='ltr'>verba,</span> <span class='ocrx_word' id='word_1_390' title='bbox 361 2060 449 2089; x_wconf 88' lang='lat' dir='ltr'>quam</span> <span class='ocrx_word' id='word_1_391' title='bbox 464 2049 596 2079; x_wconf 87' lang='lat' dir='ltr'>valeant.</span> <span class='ocrx_word' id='word_1_392' title='bbox 620 2049 685 2079; x_wconf 86' lang='lat' dir='ltr'>Res</span> <span class='ocrx_word' id='word_1_393' title='bbox 694 2049 787 2078; x_wconf 79' lang='lat' dir='ltr'>debet</span> <span class='ocrx_word' id='word_1_394' title='bbox 805 2048 950 2079; x_wconf 89' lang='lat' dir='ltr'>incidisse</span> <span class='ocrx_word' id='word_1_395' title='bbox 973 2048 1136 2091; x_wconf 74' lang='lat' dir='ltr'>frumenti,</span> <span class='ocrx_word' id='word_1_396' title='bbox 1151 2054 1179 2078; x_wconf 85' lang='lat' dir='ltr'>et</span> <span class='ocrx_word' id='word_1_397' title='bbox 1202 2047 1255 2077; x_wconf 80' lang='grc'>11111</span> <span class='ocrx_word' id='word_1_398' title='bbox 1274 2048 1368 2086; x_wconf 79' lang='lat' dir='ltr'>pretio</span> <span class='ocrx_word' id='word_1_399' title='bbox 1390 2047 1482 2075; x_wconf 79' lang='lat' dir='ltr'>missa.</span> <span class='ocrx_word' id='word_1_400' title='bbox 1519 2044 1599 2075; x_wconf 86' lang='lat' dir='ltr'>Nam</span> <span class='ocrx_word' id='word_1_401' title='bbox 1614 2044 1694 2074; x_wconf 76' lang='lat' dir='ltr'><em>illud</em></span> 
     </span>
    </p>
   </div>
   <div class='ocr_carea' id='block_1_13' title="bbox 239 2093 957 3031">
    <p class='ocr_par' dir='ltr' id='par_1_14' title="bbox 239 2093 682 2133">
     <span class='ocr_line' id='line_1_65' title="bbox 239 2093 682 2133; baseline -0.007 -9"><span class='ocrx_word' id='word_1_402' title='bbox 239 2095 270 2124; x_wconf 89' lang='lat' dir='ltr'>in</span> <span class='ocrx_word' id='word_1_403' title='bbox 291 2094 414 2133; x_wconf 90' lang='lat' dir='ltr'>Olymp.</span> <span class='ocrx_word' id='word_1_404' title='bbox 431 2093 504 2128; x_wconf 85' lang='lat'>105,</span> <span class='ocrx_word' id='word_1_405' title='bbox 523 2095 554 2123; x_wconf 79' lang='lat'>4.</span> <span class='ocrx_word' id='word_1_406' title='bbox 576 2093 682 2122; x_wconf 76' lang='lat' dir='ltr'><strong>IDEM·</strong></span> 
     </span>
    </p>

    <p class='ocr_par' dir='ltr' id='par_1_15' title="bbox 241 2133 957 2773">
     <span class='ocr_line' id='line_1_66' title="bbox 285 2133 952 2175; baseline -0.003 -9.97"><span class='ocrx_word' id='word_1_407' title='bbox 285 2134 380 2166; x_wconf 69' lang='grc' dir='ltr'>Ἀλλὰ</span> <span class='ocrx_word' id='word_1_408' title='bbox 394 2136 525 2165; x_wconf 76' lang='grc' dir='ltr'><strong><em>τοσοῦτον</em></strong></span> <span class='ocrx_word' id='word_1_409' title='bbox 538 2135 629 2175; x_wconf 62' lang='lat' dir='ltr'>were]</span> <span class='ocrx_word' id='word_1_410' title='bbox 653 2133 815 2164; x_wconf 83' lang='lat' dir='ltr'>Nannius-</span> <span class='ocrx_word' id='word_1_411' title='bbox 808 2156 815 2163; x_wconf 89' lang='lat'>.</span> <span class='ocrx_word' id='word_1_412' title='bbox 838 2139 952 2164; x_wconf 79' lang='lat' dir='ltr'>tantam</span> 
     </span>
     <span class='ocr_line' id='line_1_67' title="bbox 243 2176 953 2218; baseline -0.003 -9"><span class='ocrx_word' id='word_1_413' title='bbox 243 2180 355 2218; x_wconf 81' lang='lat' dir='ltr'>copiam</span> <span class='ocrx_word' id='word_1_414' title='bbox 384 2179 524 2213; x_wconf 77' lang='lat' dir='ltr'>submisit,</span> <span class='ocrx_word' id='word_1_415' title='bbox 550 2183 585 2207; x_wconf 84' lang='lat' dir='ltr'>ut</span> <span class='ocrx_word' id='word_1_416' title='bbox 612 2178 642 2207; x_wconf 73' lang='lat' dir='ltr'>id</span> <span class='ocrx_word' id='word_1_417' title='bbox 669 2178 710 2207; x_wconf 84' lang='lat' dir='ltr'>ad</span> <span class='ocrx_word' id='word_1_418' title='bbox 735 2177 811 2206; x_wconf 82' lang='lat' dir='ltr'>XV.</span> <span class='ocrx_word' id='word_1_419' title='bbox 841 2176 953 2207; x_wconf 78' lang='lat' dir='ltr'>talenta</span> 
     </span>
     <span class='ocr_line' id='line_1_68' title="bbox 241 2219 952 2259; baseline -0.003 -7"><span class='ocrx_word' id='word_1_420' title='bbox 241 2222 416 2252; x_wconf 72' lang='lat' dir='ltr'>exuberarit.</span> <span class='ocrx_word' id='word_1_421' title='bbox 453 2220 514 2249; x_wconf 87' lang='lat' dir='ltr'>Sed</span> <span class='ocrx_word' id='word_1_422' title='bbox 544 2220 618 2259; x_wconf 88' lang='lat' dir='ltr'>quid</span> <span class='ocrx_word' id='word_1_423' title='bbox 641 2220 720 2249; x_wconf 84' lang='lat' dir='ltr'>ratio</span> <span class='ocrx_word' id='word_1_424' title='bbox 747 2219 883 2258; x_wconf 83' lang='lat' dir='ltr'>pecuniae</span> <span class='ocrx_word' id='word_1_425' title='bbox 913 2220 952 2250; x_wconf 81' lang='lat' dir='ltr'>ad</span> 
     </span>
     <span class='ocr_line' id='line_1_69' title="bbox 242 2261 951 2299; baseline -0.004 -4"><span class='ocrx_word' id='word_1_426' title='bbox 242 2263 387 2295; x_wconf 83' lang='lat' dir='ltr'>frumenti</span> <span class='ocrx_word' id='word_1_427' title='bbox 401 2273 577 2293; x_wconf 87' lang='lat' dir='ltr'>numerum</span> <span class='ocrx_word' id='word_1_428' title='bbox 572 2264 581 2285; x_wconf 65' lang='grc' dir='ltr'>Ρ</span> <span class='ocrx_word' id='word_1_429' title='bbox 601 2262 685 2299; x_wconf 85' lang='lat' dir='ltr'>Quid</span> <span class='ocrx_word' id='word_1_430' title='bbox 697 2262 723 2292; x_wconf 89' lang='lat' dir='ltr'>si</span> <span class='ocrx_word' id='word_1_431' title='bbox 734 2263 815 2292; x_wconf 74' lang='grc' dir='ltr'>ἀλλὰ</span> <span class='ocrx_word' id='word_1_432' title='bbox 831 2261 951 2292; x_wconf 75' lang='grc' dir='ltr'><strong><em>τοσού-</em></strong></span> 
     </span>
     <span class='ocr_line' id='line_1_70' title="bbox 245 2304 953 2344; baseline -0.004 -7"><span class='ocrx_word' id='word_1_433' title='bbox 245 2307 388 2343; x_wconf 76' lang='grc' dir='ltr'>του,1100</span> <span class='ocrx_word' id='word_1_434' title='bbox 405 2309 462 2342; x_wconf 82' lang='lat' dir='ltr'>est,</span> <span class='ocrx_word' id='word_1_435' title='bbox 473 2304 560 2339; x_wconf 67' lang='grc' dir='ltr'><strong><em>οὓτως</em></strong></span> <span class='ocrx_word' id='word_1_436' title='bbox 576 2305 675 2340; x_wconf 78' lang='grc' dir='ltr'><strong><em>εὔωνον,</em></strong></span> <span class='ocrx_word' id='word_1_437' title='bbox 685 2311 718 2335; x_wconf 87' lang='lat' dir='ltr'>ut</span> <span class='ocrx_word' id='word_1_438' title='bbox 731 2305 883 2344; x_wconf 88' lang='lat' dir='ltr'>significet</span> <span class='ocrx_word' id='word_1_439' title='bbox 896 2305 953 2335; x_wconf 91' lang='lat' dir='ltr'>du·</span> 
     </span>
     <span class='ocr_line' id='line_1_71' title="bbox 247 2329 950 2391; baseline -0.004 -11"><span class='ocrx_word' id='word_1_440' title='bbox 247 2351 320 2391; x_wconf 82' lang='lat' dir='ltr'>plex</span> <span class='ocrx_word' id='word_1_441' title='bbox 336 2329 526 2384; x_wconf 83' lang='lat' dir='ltr'>beneficium,</span> <span class='ocrx_word' id='word_1_442' title='bbox 547 2353 578 2378; x_wconf 90' lang='lat' dir='ltr'>et</span> <span class='ocrx_word' id='word_1_443' title='bbox 600 2349 719 2388; x_wconf 88' lang='lat' dir='ltr'>copiam</span> <span class='ocrx_word' id='word_1_444' title='bbox 741 2348 894 2383; x_wconf 84' lang='lat' dir='ltr'>frumenti,</span> <span class='ocrx_word' id='word_1_445' title='bbox 919 2351 950 2377; x_wconf 85' lang='lat' dir='ltr'>et</span> 
     </span>
     <span class='ocr_line' id='line_1_72' title="bbox 245 2390 951 2432; baseline -0.004 -9"><span class='ocrx_word' id='word_1_446' title='bbox 245 2393 301 2424; x_wconf 88' lang='lat' dir='ltr'>vili</span> <span class='ocrx_word' id='word_1_447' title='bbox 318 2392 417 2432; x_wconf 88' lang='lat' dir='ltr'>pretio</span> <span class='ocrx_word' id='word_1_448' title='bbox 433 2392 566 2421; x_wconf 82' lang='lat' dir='ltr'>missam.</span> <span class='ocrx_word' id='word_1_449' title='bbox 601 2393 680 2421; x_wconf 88' lang='lat' dir='ltr'>Nam</span> <span class='ocrx_word' id='word_1_450' title='bbox 701 2390 775 2421; x_wconf 89' lang='lat' dir='ltr'>illud</span> <span class='ocrx_word' id='word_1_451' title='bbox 793 2401 951 2431; x_wconf 71' lang='grc' dir='ltr'><strong><em>πξοσωεςι-</em></strong></span> 
     </span>
     <span class='ocr_line' id='line_1_73' title="bbox 245 2434 951 2474; baseline -0.004 -8"><span class='ocrx_word' id='word_1_452' title='bbox 245 2434 380 2474; x_wconf 68' lang='grc' dir='ltr'>γενέσθαι</span> <span class='ocrx_word' id='word_1_453' title='bbox 394 2436 433 2465; x_wconf 89' lang='lat' dir='ltr'>de</span> <span class='ocrx_word' id='word_1_454' title='bbox 456 2434 586 2473; x_wconf 89' lang='lat' dir='ltr'>pecunia</span> <span class='ocrx_word' id='word_1_455' title='bbox 609 2435 735 2473; x_wconf 84' lang='lat' dir='ltr'>reliqna,</span> <span class='ocrx_word' id='word_1_456' title='bbox 759 2444 817 2463; x_wconf 89' lang='lat' dir='ltr'>non</span> <span class='ocrx_word' id='word_1_457' title='bbox 838 2435 877 2463; x_wconf 92' lang='lat' dir='ltr'>de</span> <span class='ocrx_word' id='word_1_458' title='bbox 900 2443 951 2462; x_wconf 85' lang='lat' dir='ltr'>ac-</span> 
     </span>
     <span class='ocr_line' id='line_1_74' title="bbox 246 2476 950 2518; baseline -0.006 -9"><span class='ocrx_word' id='word_1_459' title='bbox 246 2483 338 2518; x_wconf 83' lang='lat' dir='ltr'>cepta</span> <span class='ocrx_word' id='word_1_460' title='bbox 363 2489 402 2508; x_wconf 93' lang='lat' dir='ltr'>ex</span> <span class='ocrx_word' id='word_1_461' title='bbox 427 2477 603 2507; x_wconf 82' lang='lat' dir='ltr'>venditione</span> <span class='ocrx_word' id='word_1_462' title='bbox 629 2476 774 2516; x_wconf 80' lang='lat' dir='ltr'>superflui</span> <span class='ocrx_word' id='word_1_463' title='bbox 794 2476 950 2511; x_wconf 87' lang='lat' dir='ltr'>frumenti,</span> 
     </span>
     <span class='ocr_line' id='line_1_75' title="bbox 245 2518 951 2559; baseline -0.004 -8"><span class='ocrx_word' id='word_1_464' title='bbox 245 2521 492 2559; x_wconf 82' lang='lat' dir='ltr'>intelligendum,</span> <span class='ocrx_word' id='word_1_465' title='bbox 517 2526 648 2559; x_wconf 81' lang='lat' dir='ltr'>arguunt</span> <span class='ocrx_word' id='word_1_466' title='bbox 672 2521 767 2549; x_wconf 87' lang='lat' dir='ltr'>verba</span> <span class='ocrx_word' id='word_1_467' title='bbox 792 2519 811 2548; x_wconf 80' lang='grc' dir='ltr'><em>ἃ</em></span> <span class='ocrx_word' id='word_1_468' title='bbox 834 2518 951 2557; x_wconf 75' lang='grc' dir='ltr'>διῴκησε</span> 
     </span>
     <span class='ocr_line' id='line_1_76' title="bbox 245 2562 952 2603; baseline -0.004 -9"><span class='ocrx_word' id='word_1_469' title='bbox 245 2563 452 2598; x_wconf 66' lang='grc' dir='ltr'>Καλλισθένης,</span> <span class='ocrx_word' id='word_1_470' title='bbox 465 2574 508 2592; x_wconf 88' lang='lat' dir='ltr'>sc.</span> <span class='ocrx_word' id='word_1_471' title='bbox 524 2563 669 2598; x_wconf 78' lang='grc' dir='ltr'><strong><em>ὁσιτώνης,</em></strong></span> <span class='ocrx_word' id='word_1_472' title='bbox 685 2563 734 2603; x_wconf 85' lang='lat' dir='ltr'>qui</span> <span class='ocrx_word' id='word_1_473' title='bbox 750 2563 824 2591; x_wconf 80' lang='lat' dir='ltr'>XV.</span> <span class='ocrx_word' id='word_1_474' title='bbox 837 2562 952 2591; x_wconf 82' lang='lat' dir='ltr'>talenta</span> 
     </span>
     <span class='ocr_line' id='line_1_77' title="bbox 245 2605 952 2643; baseline -0.007 -5"><span class='ocrx_word' id='word_1_475' title='bbox 245 2607 361 2642; x_wconf 87' lang='lat' dir='ltr'>retulit,</span> <span class='ocrx_word' id='word_1_476' title='bbox 372 2605 499 2635; x_wconf 86' lang='lat' dir='ltr'>minoris</span> <span class='ocrx_word' id='word_1_477' title='bbox 518 2611 599 2635; x_wconf 88' lang='lat' dir='ltr'>emto</span> <span class='ocrx_word' id='word_1_478' title='bbox 615 2607 777 2640; x_wconf 76' lang='lat' dir='ltr'>frumenm,</span> <span class='ocrx_word' id='word_1_479' title='bbox 794 2615 882 2643; x_wconf 84' lang='lat' dir='ltr'>quam</span> <span class='ocrx_word' id='word_1_480' title='bbox 896 2615 952 2643; x_wconf 90' lang='lat' dir='ltr'>pu-</span> 
     </span>
     <span class='ocr_line' id='line_1_78' title="bbox 246 2648 952 2687; baseline -0.007 -7"><span class='ocrx_word' id='word_1_481' title='bbox 246 2655 346 2680; x_wconf 80' lang='lat' dir='ltr'>tarant</span> <span class='ocrx_word' id='word_1_482' title='bbox 359 2649 570 2679; x_wconf 79' lang='lat' dir='ltr'>Athenienses.</span> <span class='ocrx_word' id='word_1_483' title='bbox 588 2649 708 2679; x_wconf 75' lang='lat' dir='ltr'>WoLr.</span> <span class='ocrx_word' id='word_1_484' title='bbox 726 2649 854 2687; x_wconf 82' lang='lat' dir='ltr'>Repone</span> <span class='ocrx_word' id='word_1_485' title='bbox 870 2648 952 2676; x_wconf 62' lang='grc' dir='ltr'><strong>ἀλλὰ</strong></span> 
     </span>
     <span class='ocr_line' id='line_1_79' title="bbox 247 2688 957 2728; baseline -0.004 -6"><span class='ocrx_word' id='word_1_486' title='bbox 247 2693 305 2722; x_wconf 72' lang='grc' dir='ltr'>καὶ</span> <span class='ocrx_word' id='word_1_487' title='bbox 328 2693 458 2722; x_wconf 72' lang='grc' dir='ltr'><strong><em>τοσοῦτον</em></strong></span> <span class='ocrx_word' id='word_1_488' title='bbox 480 2697 538 2721; x_wconf 77' lang='lat' dir='ltr'>etc.</span> <span class='ocrx_word' id='word_1_489' title='bbox 556 2695 589 2721; x_wconf 82' lang='lat' dir='ltr'>ut</span> <span class='ocrx_word' id='word_1_490' title='bbox 612 2696 634 2727; x_wconf 62' lang='grc' dir='ltr'>ς.</span> <span class='ocrx_word' id='word_1_491' title='bbox 649 2691 680 2721; x_wconf 74' lang='grc' dir='ltr'>δ”.</span> <span class='ocrx_word' id='word_1_492' title='bbox 708 2691 746 2721; x_wconf 82' lang='lat' dir='ltr'>ad</span> <span class='ocrx_word' id='word_1_493' title='bbox 770 2691 821 2720; x_wconf 81' lang='lat' dir='ltr'>fin.</span> <span class='ocrx_word' id='word_1_494' title='bbox 838 2689 885 2728; x_wconf 84' lang='grc' dir='ltr'>ιγ’.</span> <span class='ocrx_word' id='word_1_495' title='bbox 903 2688 957 2724; x_wconf 79' lang='grc' dir='ltr'>1ς-’.“</span> 
     </span>
     <span class='ocr_line' id='line_1_80' title="bbox 250 2734 825 2773; baseline -0.005 -7"><span class='ocrx_word' id='word_1_496' title='bbox 250 2736 331 2766; x_wconf 88' lang='lat' dir='ltr'>med.</span> <span class='ocrx_word' id='word_1_497' title='bbox 348 2734 400 2765; x_wconf 52' lang='lat' dir='ltr'>aa&amp;</span> <span class='ocrx_word' id='word_1_498' title='bbox 417 2739 447 2764; x_wconf 88' lang='lat' dir='ltr'>et</span> <span class='ocrx_word' id='word_1_499' title='bbox 462 2734 586 2773; x_wconf 86' lang='lat' dir='ltr'>ubique.</span> <span class='ocrx_word' id='word_1_500' title='bbox 609 2735 825 2764; x_wconf 76' lang='lat' dir='ltr'>MARKLAND.</span> 
     </span>
    </p>

    <p class='ocr_par' dir='ltr' id='par_1_16' title="bbox 247 2774 955 3031">
     <span class='ocr_line' id='line_1_81' title="bbox 291 2774 955 2817; baseline -0.005 -10"><span class='ocrx_word' id='word_1_501' title='bbox 291 2779 440 2813; x_wconf 75' lang='grc' dir='ltr'><strong><em>Τοσοῦτον,</em></strong></span> <span class='ocrx_word' id='word_1_502' title='bbox 450 2795 491 2799; x_wconf 88' lang='lat'>—</span> <span class='ocrx_word' id='word_1_503' title='bbox 502 2775 769 2817; x_wconf 75' lang='grc' dir='ltr'>προςπεριγενὲσθαι]</span> <span class='ocrx_word' id='word_1_504' title='bbox 797 2774 955 2805; x_wconf 85' lang='lat' dir='ltr'>Strabonis</span> 
     </span>
     <span class='ocr_line' id='line_1_82' title="bbox 247 2818 955 2859; baseline -0.007 -8"><span class='ocrx_word' id='word_1_505' title='bbox 247 2823 268 2851; x_wconf 93' lang='lat' dir='ltr'>l.</span> <span class='ocrx_word' id='word_1_506' title='bbox 284 2832 311 2851; x_wconf 91' lang='lat' dir='ltr'>c.</span> <span class='ocrx_word' id='word_1_507' title='bbox 325 2821 418 2850; x_wconf 81' lang='lat' dir='ltr'>verba</span> <span class='ocrx_word' id='word_1_508' title='bbox 427 2821 502 2855; x_wconf 88' lang='lat' dir='ltr'>haec,</span> <span class='ocrx_word' id='word_1_509' title='bbox 515 2819 641 2849; x_wconf 77' lang='grc' dir='ltr'><strong><em>Λεύκωνά</em></strong></span> <span class='ocrx_word' id='word_1_510' title='bbox 656 2827 742 2859; x_wconf 78' lang='grc' dir='ltr'><strong><em>φασιν</em></strong></span> <span class='ocrx_word' id='word_1_511' title='bbox 757 2819 789 2849; x_wconf 80' lang='grc' dir='ltr'>ἐκ.</span> <span class='ocrx_word' id='word_1_512' title='bbox 799 2820 849 2852; x_wconf 65' lang='grc' dir='ltr'>τῆς</span> <span class='ocrx_word' id='word_1_513' title='bbox 861 2818 955 2847; x_wconf 79' lang='grc' dir='ltr'><strong><em>Θεοδο-</em></strong></span> 
     </span>
     <span class='ocr_line' id='line_1_83' title="bbox 250 2860 955 2902; baseline -0.006 -9"><span class='ocrx_word' id='word_1_514' title='bbox 250 2866 314 2897; x_wconf 75' lang='grc' dir='ltr'>σίας</span> <span class='ocrx_word' id='word_1_515' title='bbox 321 2862 468 2896; x_wconf 80' lang='grc' dir='ltr'><strong><em>Ἀθηναίοις</em></strong></span> <span class='ocrx_word' id='word_1_516' title='bbox 475 2861 595 2901; x_wconf 69' lang='grc' dir='ltr'>πέμψαι</span> <span class='ocrx_word' id='word_1_517' title='bbox 605 2862 743 2901; x_wconf 63' lang='grc' dir='ltr'>μυριάδας</span> <span class='ocrx_word' id='word_1_518' title='bbox 751 2861 891 2902; x_wconf 70' lang='grc' dir='ltr'><strong><em>μεδίμνων</em></strong></span> <span class='ocrx_word' id='word_1_519' title='bbox 899 2860 955 2889; x_wconf 77' lang='grc' dir='ltr'><strong><em>διοι-</em></strong></span> 
     </span>
     <span class='ocr_line' id='line_1_84' title="bbox 252 2904 955 2943; baseline -0.004 -8"><span class='ocrx_word' id='word_1_520' title='bbox 252 2906 348 2940; x_wconf 50' lang='lat' dir='ltr'>mefac</span> <span class='ocrx_word' id='word_1_521' title='bbox 359 2906 406 2935; x_wconf 75' lang='grc' dir='ltr'>καὶ</span> <span class='ocrx_word' id='word_1_522' title='bbox 418 2904 496 2939; x_wconf 77' lang='grc' dir='ltr'>δέκα,</span> <span class='ocrx_word' id='word_1_523' title='bbox 508 2906 583 2937; x_wconf 81' lang='lat' dir='ltr'>liaec.</span> <span class='ocrx_word' id='word_1_524' title='bbox 596 2906 726 2943; x_wconf 83' lang='lat' dir='ltr'>inquam,</span> <span class='ocrx_word' id='word_1_525' title='bbox 740 2915 837 2934; x_wconf 75' lang='lat' dir='ltr'>nonne</span> <span class='ocrx_word' id='word_1_526' title='bbox 849 2904 884 2933; x_wconf 81' lang='lat' dir='ltr'>ad</span> <span class='ocrx_word' id='word_1_527' title='bbox 899 2904 955 2932; x_wconf 83' lang='grc'>1100</span> 
     </span>
     <span class='ocr_line' id='line_1_85' title="bbox 250 2946 956 2987; baseline -0.006 -9"><span class='ocrx_word' id='word_1_528' title='bbox 250 2949 349 2987; x_wconf 83' lang='lat' dir='ltr'>ipsum</span> <span class='ocrx_word' id='word_1_529' title='bbox 367 2954 497 2987; x_wconf 80' lang='lat' dir='ltr'>tempus,</span> <span class='ocrx_word' id='word_1_530' title='bbox 513 2949 592 2986; x_wconf 80' lang='lat' dir='ltr'>quod</span> <span class='ocrx_word' id='word_1_531' title='bbox 616 2949 731 2977; x_wconf 81' lang='lat' dir='ltr'>Noster</span> <span class='ocrx_word' id='word_1_532' title='bbox 754 2958 831 2977; x_wconf 64' lang='lat' dir='ltr'>nuncv</span> <span class='ocrx_word' id='word_1_533' title='bbox 848 2946 956 2983; x_wconf 61' lang='lat' dir='ltr'>tangit,</span> 
     </span>
     <span class='ocr_line' id='line_1_86' title="bbox 254 2989 953 3031; baseline -0.001 -12"><span class='ocrx_word' id='word_1_534' title='bbox 254 2997 388 3031; x_wconf 72' lang='lat' dir='ltr'>spectare</span> <span class='ocrx_word' id='word_1_535' title='bbox 405 2992 541 3021; x_wconf 76' lang='lat' dir='ltr'>dicamus</span> <span class='ocrx_word' id='word_1_536' title='bbox 553 2993 562 3009; x_wconf 77' lang='lat'>³</span> <span class='ocrx_word' id='word_1_537' title='bbox 587 2993 676 3021; x_wconf 61' lang='lat' dir='ltr'>(terte</span> <span class='ocrx_word' id='word_1_538' title='bbox 690 2991 719 3020; x_wconf 82' lang='lat' dir='ltr'>id</span> <span class='ocrx_word' id='word_1_539' title='bbox 735 2993 799 3022; x_wconf 72' lang='lat' dir='ltr'>veri</span> <span class='ocrx_word' id='word_1_540' title='bbox 811 2991 840 3019; x_wconf 70' lang='lat' dir='ltr'>fit</span> <span class='ocrx_word' id='word_1_541' title='bbox 858 2989 953 3019; x_wconf 79' lang='lat' dir='ltr'>simil</span> 
     </span>
    </p>
   </div>
   <div class='ocr_carea' id='block_1_14' title="bbox 984 2087 1697 2814">
    <p class='ocr_par' dir='ltr' id='par_1_17' title="bbox 984 2087 1697 2814">
     <span class='ocr_line' id='line_1_87' title="bbox 985 2087 1693 2132; baseline -0.009 -10"><span class='ocrx_word' id='word_1_542' title='bbox 985 2087 1339 2132; x_wconf 65' lang='grc' dir='ltr'>ωςοςντῑνεςιγενὲσθσιι</span> <span class='ocrx_word' id='word_1_543' title='bbox 1366 2089 1401 2119; x_wconf 79' lang='lat' dir='ltr'>de</span> <span class='ocrx_word' id='word_1_544' title='bbox 1419 2089 1545 2127; x_wconf 75' lang='lat' dir='ltr'>pecunia</span> <span class='ocrx_word' id='word_1_545' title='bbox 1568 2088 1693 2126; x_wconf 73' lang='lat' dir='ltr'>reliqua,</span> 
     </span>
     <span class='ocr_line' id='line_1_88' title="bbox 987 2129 1695 2181; baseline -0.011 -16"><span class='ocrx_word' id='word_1_546' title='bbox 987 2145 1046 2166; x_wconf 83' lang='lat' dir='ltr'>‘non</span> <span class='ocrx_word' id='word_1_547' title='bbox 1062 2135 1096 2164; x_wconf 82' lang='lat' dir='ltr'>de</span> <span class='ocrx_word' id='word_1_548' title='bbox 1111 2138 1226 2171; x_wconf 77' lang='lat' dir='ltr'>accepta</span> <span class='ocrx_word' id='word_1_549' title='bbox 1241 2142 1275 2162; x_wconf 72' lang='lat' dir='ltr'>ex</span> <span class='ocrx_word' id='word_1_550' title='bbox 1288 2132 1454 2162; x_wconf 71' lang='lat' dir='ltr'>venditione</span> <span class='ocrx_word' id='word_1_551' title='bbox 1469 2129 1695 2181; x_wconf 58' lang='lat' dir='ltr'>superfluifru-</span> 
     </span>
     <span class='ocr_line' id='line_1_89' title="bbox 984 2170 1694 2214; baseline -0.007 -8"><span class='ocrx_word' id='word_1_552' title='bbox 984 2177 1087 2212; x_wconf 79' lang='lat' dir='ltr'>menti,</span> <span class='ocrx_word' id='word_1_553' title='bbox 1116 2175 1353 2214; x_wconf 78' lang='lat' dir='ltr'>intelligendum,</span> <span class='ocrx_word' id='word_1_554' title='bbox 1379 2177 1515 2214; x_wconf 77' lang='lat' dir='ltr'>mgnunt</span> <span class='ocrx_word' id='word_1_555' title='bbox 1545 2173 1644 2208; x_wconf 81' lang='lat' dir='ltr'>verba,</span> <span class='ocrx_word' id='word_1_556' title='bbox 1674 2170 1694 2200; x_wconf 72' lang='grc' dir='ltr'><em>ἃ</em></span> 
     </span>
     <span class='ocr_line' id='line_1_90' title="bbox 986 2215 1695 2258; baseline -0.007 -10"><span class='ocrx_word' id='word_1_557' title='bbox 986 2219 1132 2258; x_wconf 74' lang='grc' dir='ltr'><strong><em>διῴκησε</em></strong></span> <span class='ocrx_word' id='word_1_558' title='bbox 1155 2215 1481 2251; x_wconf 73' lang='grc' dir='ltr'>Καλλισθένηςεοι1,</span> <span class='ocrx_word' id='word_1_559' title='bbox 1498 2215 1509 2244; x_wconf 82' lang='grc' dir='ltr'><em>ὃ</em></span> <span class='ocrx_word' id='word_1_560' title='bbox 1533 2215 1695 2249; x_wconf 72' lang='grc' dir='ltr'><strong><em>σιτώνης,</em></strong></span> 
     </span>
     <span class='ocr_line' id='line_1_91' title="bbox 985 2256 1695 2302; baseline -0.006 -11"><span class='ocrx_word' id='word_1_561' title='bbox 985 2263 1037 2302; x_wconf 79' lang='lat' dir='ltr'>qui</span> <span class='ocrx_word' id='word_1_562' title='bbox 1053 2261 1085 2291; x_wconf 88' lang='grc' dir='ltr'><strong><em>Χ</em></strong></span> <span class='ocrx_word' id='word_1_563' title='bbox 1091 2261 1123 2291; x_wconf 89' lang='lat' dir='ltr'>V.</span> <span class='ocrx_word' id='word_1_564' title='bbox 1140 2261 1254 2290; x_wconf 73' lang='lat' dir='ltr'>talenta</span> <span class='ocrx_word' id='word_1_565' title='bbox 1267 2260 1381 2294; x_wconf 82' lang='lat' dir='ltr'>retulit,</span> <span class='ocrx_word' id='word_1_566' title='bbox 1394 2259 1516 2289; x_wconf 75' lang='lat' dir='ltr'>minoris</span> <span class='ocrx_word' id='word_1_567' title='bbox 1532 2263 1606 2288; x_wconf 84' lang='lat' dir='ltr'>emto</span> <span class='ocrx_word' id='word_1_568' title='bbox 1616 2256 1695 2299; x_wconf 83' lang='lat' dir='ltr'>fru-</span> 
     </span>
     <span class='ocr_line' id='line_1_92' title="bbox 985 2300 1693 2343; baseline -0.007 -8"><span class='ocrx_word' id='word_1_569' title='bbox 985 2311 1093 2340; x_wconf 81' lang='lat' dir='ltr'>mento,</span> <span class='ocrx_word' id='word_1_570' title='bbox 1124 2315 1210 2343; x_wconf 79' lang='lat' dir='ltr'>quam</span> <span class='ocrx_word' id='word_1_571' title='bbox 1237 2308 1382 2342; x_wconf 62' lang='lat' dir='ltr'>putarant</span> <span class='ocrx_word' id='word_1_572' title='bbox 1411 2301 1608 2332; x_wconf 79' lang='lat' dir='ltr'>Athenienses.</span> <span class='ocrx_word' id='word_1_573' title='bbox 1655 2300 1693 2330; x_wconf 93' lang='lat' dir='ltr'>In</span> 
     </span>
     <span class='ocr_line' id='line_1_93' title="bbox 986 2343 1693 2387; baseline -0.007 -10"><span class='ocrx_word' id='word_1_574' title='bbox 986 2348 1096 2387; x_wconf 89' lang='lat' dir='ltr'>quibus</span> <span class='ocrx_word' id='word_1_575' title='bbox 1112 2347 1205 2376; x_wconf 88' lang='lat' dir='ltr'>dictis</span> <span class='ocrx_word' id='word_1_576' title='bbox 1221 2346 1359 2375; x_wconf 86' lang='lat' dir='ltr'>ultimum</span> <span class='ocrx_word' id='word_1_577' title='bbox 1376 2345 1414 2374; x_wconf 87' lang='lat' dir='ltr'>de</span> <span class='ocrx_word' id='word_1_578' title='bbox 1431 2343 1616 2374; x_wconf 84' lang='lat' dir='ltr'>Callisthene</span> <span class='ocrx_word' id='word_1_579' title='bbox 1633 2353 1693 2373; x_wconf 87' lang='lat' dir='ltr'>non</span> 
     </span>
     <span class='ocr_line' id='line_1_94' title="bbox 987 2385 1695 2428; baseline -0.007 -8"><span class='ocrx_word' id='word_1_580' title='bbox 987 2391 1060 2421; x_wconf 78' lang='lat' dir='ltr'>satis</span> <span class='ocrx_word' id='word_1_581' title='bbox 1081 2389 1153 2419; x_wconf 90' lang='lat' dir='ltr'>mihi</span> <span class='ocrx_word' id='word_1_582' title='bbox 1176 2389 1334 2428; x_wconf 84' lang='lat' dir='ltr'>probabile</span> <span class='ocrx_word' id='word_1_583' title='bbox 1349 2394 1407 2418; x_wconf 84' lang='lat' dir='ltr'>est.</span> <span class='ocrx_word' id='word_1_584' title='bbox 1451 2388 1520 2417; x_wconf 90' lang='lat' dir='ltr'>Nec</span> <span class='ocrx_word' id='word_1_585' title='bbox 1549 2386 1641 2423; x_wconf 84' lang='lat' dir='ltr'>enim,</span> <span class='ocrx_word' id='word_1_586' title='bbox 1667 2385 1695 2415; x_wconf 85' lang='lat' dir='ltr'>si</span> 
     </span>
     <span class='ocr_line' id='line_1_95' title="bbox 987 2430 1693 2479; baseline -0.007 -16"><span class='ocrx_word' id='word_1_587' title='bbox 987 2434 1051 2464; x_wconf 90' lang='lat' dir='ltr'>viro</span> <span class='ocrx_word' id='word_1_588' title='bbox 1069 2432 1210 2462; x_wconf 83' lang='lat' dir='ltr'>frumenti</span> <span class='ocrx_word' id='word_1_589' title='bbox 1233 2431 1392 2461; x_wconf 88' lang='lat' dir='ltr'>coemendi</span> <span class='ocrx_word' id='word_1_590' title='bbox 1415 2430 1572 2479; x_wconf 87' lang='lat' dir='ltr'>negotium</span> <span class='ocrx_word' id='word_1_591' title='bbox 1589 2430 1693 2459; x_wconf 80' lang='lat' dir='ltr'>datum</span> 
     </span>
     <span class='ocr_line' id='line_1_96' title="bbox 987 2472 1693 2511; baseline -0.007 -5"><span class='ocrx_word' id='word_1_592' title='bbox 987 2481 1081 2511; x_wconf 86' lang='lat' dir='ltr'>esset,</span> <span class='ocrx_word' id='word_1_593' title='bbox 1106 2475 1288 2505; x_wconf 85' lang='lat' dir='ltr'>crediderim</span> <span class='ocrx_word' id='word_1_594' title='bbox 1316 2475 1474 2504; x_wconf 86' lang='lat' dir='ltr'>Oratorem</span> <span class='ocrx_word' id='word_1_595' title='bbox 1501 2472 1693 2511; x_wconf 69' lang='lat' dir='ltr'>potissimum</span> 
     </span>
     <span class='ocr_line' id='line_1_97' title="bbox 987 2517 1696 2554; baseline -0.008 -5"><span class='ocrx_word' id='word_1_596' title='bbox 987 2520 1102 2549; x_wconf 83' lang='lat' dir='ltr'>talenta</span> <span class='ocrx_word' id='word_1_597' title='bbox 1125 2518 1184 2547; x_wconf 84' lang='lat' dir='ltr'>ista</span> <span class='ocrx_word' id='word_1_598' title='bbox 1210 2518 1335 2547; x_wconf 84' lang='lat' dir='ltr'>residua</span> <span class='ocrx_word' id='word_1_599' title='bbox 1357 2522 1392 2546; x_wconf 83' lang='lat' dir='ltr'>ut</span> <span class='ocrx_word' id='word_1_600' title='bbox 1417 2517 1484 2554; x_wconf 85' lang='lat' dir='ltr'>ejus</span> <span class='ocrx_word' id='word_1_601' title='bbox 1508 2525 1590 2545; x_wconf 80' lang='lat' dir='ltr'>curae</span> <span class='ocrx_word' id='word_1_602' title='bbox 1612 2524 1696 2543; x_wconf 86' lang='lat' dir='ltr'>com·</span> 
     </span>
     <span class='ocr_line' id='line_1_98' title="bbox 988 2557 1694 2599; baseline -0.008 -8"><span class='ocrx_word' id='word_1_603' title='bbox 988 2562 1082 2592; x_wconf 86' lang='lat' dir='ltr'>missa</span> <span class='ocrx_word' id='word_1_604' title='bbox 1116 2571 1283 2591; x_wconf 85' lang='lat' dir='ltr'>memorare</span> <span class='ocrx_word' id='word_1_605' title='bbox 1319 2559 1466 2599; x_wconf 84' lang='lat' dir='ltr'>potuisse.</span> <span class='ocrx_word' id='word_1_606' title='bbox 1518 2557 1694 2596; x_wconf 85' lang='lat' dir='ltr'>Impensius</span> 
     </span>
     <span class='ocr_line' id='line_1_99' title="bbox 988 2599 1695 2642; baseline -0.01 -8"><span class='ocrx_word' id='word_1_607' title='bbox 988 2609 1093 2634; x_wconf 83' lang='lat' dir='ltr'>contra</span> <span class='ocrx_word' id='word_1_608' title='bbox 1121 2604 1205 2642; x_wconf 86' lang='lat' dir='ltr'>prior</span> <span class='ocrx_word' id='word_1_609' title='bbox 1235 2603 1407 2641; x_wconf 84' lang='lat' dir='ltr'>conjectura</span> <span class='ocrx_word' id='word_1_610' title='bbox 1434 2601 1545 2639; x_wconf 83' lang='lat' dir='ltr'>placet,</span> <span class='ocrx_word' id='word_1_611' title='bbox 1572 2604 1605 2629; x_wconf 90' lang='lat' dir='ltr'>ut</span> <span class='ocrx_word' id='word_1_612' title='bbox 1629 2599 1695 2628; x_wconf 86' lang='lat' dir='ltr'>haec</span> 
     </span>
     <span class='ocr_line' id='line_1_100' title="bbox 990 2642 1696 2683; baseline -0.008 -7"><span class='ocrx_word' id='word_1_613' title='bbox 990 2646 1141 2677; x_wconf 81' lang='lat' dir='ltr'>sententia</span> <span class='ocrx_word' id='word_1_614' title='bbox 1155 2646 1283 2675; x_wconf 84' lang='lat' dir='ltr'>exsistat</span> <span class='ocrx_word' id='word_1_615' title='bbox 1298 2657 1304 2674; x_wconf 75' lang='grc' dir='ltr'><em>ι</em></span> <span class='ocrx_word' id='word_1_616' title='bbox 1329 2642 1627 2683; x_wconf 70' lang='lat' dir='ltr'>Lezaecof&#39;rumentmn</span> <span class='ocrx_word' id='word_1_617' title='bbox 1640 2642 1696 2671; x_wconf 83' lang='lat' dir='ltr'>mi-</span> 
     </span>
     <span class='ocr_line' id='line_1_101' title="bbox 989 2685 1695 2726; baseline -0.008 -7"><span class='ocrx_word' id='word_1_618' title='bbox 989 2691 1026 2719; x_wconf 81' lang='lat' dir='ltr'>sit</span> <span class='ocrx_word' id='word_1_619' title='bbox 1040 2690 1119 2719; x_wconf 76' lang='lat' dir='ltr'>nobis</span> <span class='ocrx_word' id='word_1_620' title='bbox 1134 2700 1203 2719; x_wconf 76' lang='grc'>71011</span> <span class='ocrx_word' id='word_1_621' title='bbox 1226 2689 1323 2718; x_wconf 79' lang='lat' dir='ltr'>modo</span> <span class='ocrx_word' id='word_1_622' title='bbox 1339 2685 1536 2726; x_wconf 61' lang='lat' dir='ltr'>sufficientem,</span> <span class='ocrx_word' id='word_1_623' title='bbox 1553 2685 1610 2714; x_wconf 78' lang='lat' dir='ltr'>sed</span> <span class='ocrx_word' id='word_1_624' title='bbox 1633 2690 1695 2714; x_wconf 78' lang='lat' dir='ltr'>tam</span> 
     </span>
     <span class='ocr_line' id='line_1_102' title="bbox 990 2726 1697 2769; baseline -0.006 -9"><span class='ocrx_word' id='word_1_625' title='bbox 990 2734 1097 2762; x_wconf 72' lang='lat' dir='ltr'>modico</span> <span class='ocrx_word' id='word_1_626' title='bbox 1119 2734 1221 2769; x_wconf 72' lang='lat' dir='ltr'>precio,</span> <span class='ocrx_word' id='word_1_627' title='bbox 1246 2736 1281 2759; x_wconf 77' lang='lat' dir='ltr'>ut</span> <span class='ocrx_word' id='word_1_628' title='bbox 1306 2739 1339 2759; x_wconf 74' lang='lat' dir='ltr'>ex</span> <span class='ocrx_word' id='word_1_629' title='bbox 1363 2739 1486 2764; x_wconf 74' lang='lat' dir='ltr'>summu,</span> <span class='ocrx_word' id='word_1_630' title='bbox 1507 2738 1591 2768; x_wconf 76' lang='lat' dir='ltr'>qnam</span> <span class='ocrx_word' id='word_1_631' title='bbox 1608 2726 1697 2766; x_wconf 57' lang='lat' dir='ltr'>Resp-</span> 
     </span>
     <span class='ocr_line' id='line_1_103' title="bbox 989 2771 1696 2814; baseline -0.007 -10"><span class='ocrx_word' id='word_1_632' title='bbox 989 2775 1106 2804; x_wconf 75' lang='lat' dir='ltr'>emendo</span> <span class='ocrx_word' id='word_1_633' title='bbox 1118 2773 1277 2814; x_wconf 76' lang='lat' dir='ltr'>frumento</span> <span class='ocrx_word' id='word_1_634' title='bbox 1292 2773 1464 2806; x_wconf 75' lang='lat' dir='ltr'>destinarat,</span> <span class='ocrx_word' id='word_1_635' title='bbox 1486 2771 1574 2800; x_wconf 74' lang='lat' dir='ltr'>etiarn</span> <span class='ocrx_word' id='word_1_636' title='bbox 1596 2779 1696 2808; x_wconf 74' lang='lat' dir='ltr'>snper-</span> 
     </span>
    </p>
   </div>
   <div class='ocr_carea' id='block_1_15' title="bbox 979 2812 1697 2858">
    <p class='ocr_par' dir='ltr' id='par_1_18' title="bbox 979 2812 1697 2858">
     <span class='ocr_line' id='line_1_104' title="bbox 979 2812 1697 2858; baseline -0.008 -11"><span class='ocrx_word' id='word_1_637' title='bbox 979 2816 1102 2858; x_wconf 76' lang='lat' dir='ltr'>fuerint</span> <span class='ocrx_word' id='word_1_638' title='bbox 1128 2817 1198 2846; x_wconf 76' lang='lat' dir='ltr'>XV.</span> <span class='ocrx_word' id='word_1_639' title='bbox 1226 2816 1347 2849; x_wconf 75' lang='lat' dir='ltr'>talenta,</span> <span class='ocrx_word' id='word_1_640' title='bbox 1369 2825 1430 2853; x_wconf 65' lang='lat' dir='ltr'>quae</span> <span class='ocrx_word' id='word_1_641' title='bbox 1453 2819 1567 2844; x_wconf 73' lang='lat' dir='ltr'>serrata</span> <span class='ocrx_word' id='word_1_642' title='bbox 1592 2812 1697 2842; x_wconf 76' lang='lat' dir='ltr'>oerarin</span> 
     </span>
    </p>
   </div>
   <div class='ocr_carea' id='block_1_16' title="bbox 990 2855 1699 3029">
    <p class='ocr_par' dir='ltr' id='par_1_19' title="bbox 990 2855 1699 3029">
     <span class='ocr_line' id='line_1_105' title="bbox 990 2855 1696 2895; baseline -0.01 -5"><span class='ocrx_word' id='word_1_643' title='bbox 990 2867 1066 2890; x_wconf 80' lang='lat' dir='ltr'>sunt.</span> <span class='ocrx_word' id='word_1_644' title='bbox 1108 2860 1156 2889; x_wconf 80' lang='lat' dir='ltr'>Ita</span> <span class='ocrx_word' id='word_1_645' title='bbox 1172 2868 1327 2889; x_wconf 83' lang='lat' dir='ltr'>servamus</span> <span class='ocrx_word' id='word_1_646' title='bbox 1343 2857 1432 2886; x_wconf 84' lang='lat' dir='ltr'>simul</span> <span class='ocrx_word' id='word_1_647' title='bbox 1447 2855 1593 2895; x_wconf 80' lang='lat' dir='ltr'>loquendi</span> <span class='ocrx_word' id='word_1_648' title='bbox 1610 2864 1696 2884; x_wconf 84' lang='lat' dir='ltr'>usum</span> 
     </span>
     <span class='ocr_line' id='line_1_106' title="bbox 990 2897 1696 2941; baseline -0.011 -8"><span class='ocrx_word' id='word_1_649' title='bbox 990 2903 1020 2932; x_wconf 93' lang='lat' dir='ltr'>in</span> <span class='ocrx_word' id='word_1_650' title='bbox 1044 2903 1137 2933; x_wconf 67' lang='lat' dir='ltr'>vobo</span> <span class='ocrx_word' id='word_1_651' title='bbox 1165 2899 1386 2941; x_wconf 61' lang='grc' dir='ltr'>περιγίγνεσθαι,</span> <span class='ocrx_word' id='word_1_652' title='bbox 1412 2899 1492 2937; x_wconf 82' lang='lat' dir='ltr'>quod</span> <span class='ocrx_word' id='word_1_653' title='bbox 1518 2897 1631 2928; x_wconf 85' lang='lat' dir='ltr'>dicitur</span> <span class='ocrx_word' id='word_1_654' title='bbox 1657 2898 1696 2926; x_wconf 82' lang='lat' dir='ltr'>de</span> 
     </span>
     <span class='ocr_line' id='line_1_107' title="bbox 991 2939 1699 2985; baseline -0.01 -10"><span class='ocrx_word' id='word_1_655' title='bbox 991 2947 1126 2985; x_wconf 76' lang='lat' dir='ltr'>pecunia,</span> <span class='ocrx_word' id='word_1_656' title='bbox 1157 2956 1217 2984; x_wconf 70' lang='lat' dir='ltr'>quw</span> <span class='ocrx_word' id='word_1_657' title='bbox 1252 2949 1378 2981; x_wconf 71' lang='grc' dir='ltr'>5.1]1ε)ρει</span> <span class='ocrx_word' id='word_1_658' title='bbox 1412 2943 1466 2977; x_wconf 74' lang='lat' dir='ltr'>ita,</span> <span class='ocrx_word' id='word_1_659' title='bbox 1493 2947 1527 2971; x_wconf 75' lang='lat' dir='ltr'>ut</span> <span class='ocrx_word' id='word_1_660' title='bbox 1557 2939 1699 2972; x_wconf 71' lang='lat' dir='ltr'>lucrifiat.</span> 
     </span>
     <span class='ocr_line' id='line_1_108' title="bbox 994 2965 1699 3029; baseline -0.011 -10"><span class='ocrx_word' id='word_1_661' title='bbox 994 2989 1133 3029; x_wconf 68' lang='lat' dir='ltr'>Denique</span> <span class='ocrx_word' id='word_1_662' title='bbox 1159 2998 1245 3018; x_wconf 81' lang='lat' dir='ltr'>nemo</span> <span class='ocrx_word' id='word_1_663' title='bbox 1273 2987 1319 3016; x_wconf 81' lang='grc'>1115</span> <span class='ocrx_word' id='word_1_664' title='bbox 1323 2986 1331 3015; x_wconf 87' lang='lat' dir='ltr'>i</span> <span class='ocrx_word' id='word_1_665' title='bbox 1353 2996 1428 3024; x_wconf 78' lang='lat' dir='ltr'>puer</span> <span class='ocrx_word' id='word_1_666' title='bbox 1454 2965 1617 3017; x_wconf 80' lang='lat' dir='ltr'>dubitabit,</span> <span class='ocrx_word' id='word_1_667' title='bbox 1640 2982 1699 3012; x_wconf 76' lang='lat' dir='ltr'>ista</span> 
     </span>
    </p>
   </div>
  </div>
 </body>
</html>
