1928 3284
643 206 1125 252 PROLEGOMENA.
1528 195 1637 250 359

184 320 333 366 sthene,
355 319 528 359 habitam
544 318 772 358 Orationem
789 329 888 360 esse,
911 328 986 354 non
1007 328 1029 354 a
1049 315 1130 353 tilio
1146 312 1345 362 Chabriae,
1362 313 1463 351 siout
1478 312 1635 352 alteram

182 394 206 419 a
233 381 481 427 Phormione,
503 393 578 419 uon
607 380 657 418 ab
677 378 942 430 Apliepsione,
963 377 1000 415 id
1031 390 1076 415 ex
1099 377 1158 422 iis,
1181 388 1270 426 quae
1292 375 1480 413 hactenus
1501 374 1643 425 passim

183 442 368 489 diximus,
390 441 612 494 planissime
631 445 822 491 apparet.⁸

237 504 313 543 Sed
330 510 418 543 ante
433 502 564 542 omnia
584 502 756 540 breviter
775 500 1011 546 docendum,
1031 513 1110 551 quo
1127 506 1300 550 tempore
1320 497 1426 536 actio
1443 511 1465 535 a
1485 497 1642 534 duobus

185 563 258 603 illis
275 563 463 609 instituta,
483 570 523 602 et
555 563 640 601 haec
662 562 801 600 Oratio
831 561 962 599 habita
985 561 1047 599 sit.
1104 560 1193 604 Qua
1222 561 1272 598 (le
1301 573 1341 597 re
1371 558 1510 609 partim
1538 557 1644 606 apud

184 626 323 676 ipsum,
340 625 482 676 partim
503 625 596 663 alibi
619 624 764 662 indicia
785 629 875 661 sunt
897 623 1106 672 ejusmodi,
1127 630 1170 661 ut
1189 622 1237 661 de
1259 623 1345 673 ipso
1365 633 1522 672 quoque
1544 633 1646 657 anno

183 686 342 736 liqueat.
399 689 458 726 Ac
480 686 644 738 primum
666 685 824 736 quidem
846 698 894 723 ex
920 698 968 723 eo
989 685 1091 732 loco,
1112 685 1178 723 ubi
1197 683 1583 723 Lacedaemoniorum
1607 689 1648 720 et

181 749 460 788 Thebanorum
480 749 682 795 meminit,¹
703 748 819 787 facile
849 748 1088 798 intelligitur,
1112 747 1368 785 Athenienses
1401 753 1480 784 tum
1511 744 1644 783 hostili

183 810 339 860 publice
366 811 404 849 in
426 812 496 849 hos
515 811 658 857 animo,
680 823 769 849 cum
793 809 865 847 illis
885 816 1012 847 autem
1034 809 1198 858 junctos
1224 809 1391 847 amicitia
1413 807 1547 852 fuisse,
1569 806 1648 844 sive

183 885 231 910 ea
250 885 338 910 vera
355 872 485 918 fuerit,
504 872 582 911 sive
597 871 782 923 temporis
803 884 940 909 caussa
961 871 1152 909 simulata.
1193 871 1352 921 Quippe
1369 869 1422 907 ibi
1439 867 1650 906 manifesto

184 934 315 972 studio
330 947 391 972 res
410 941 449 973 et
471 935 648 972 instituta
667 932 1051 971 Lacedaemoniorum
1068 939 1312 977 excusantur,
1329 932 1510 981 omnique
1532 928 1650 967 modo

185 996 297 1046 quasi
318 997 556 1041 colorantur,
580 1008 699 1046 quum
719 994 913 1040 Thebani,
936 1001 1120 1044 tanquam
1143 994 1319 1044 Populus
1336 991 1464 1030 omnis
1480 991 1654 1029 humani-

185 1057 275 1096 tatis
305 1071 446 1109 expers
475 1063 514 1095 et
545 1056 796 1108 improbitate
824 1054 993 1101 infamis,
1027 1061 1212 1093 notentur
1240 1055 1503 1093 acerbi-ssime.
1559 1053 1650 1098 Quo

184 1118 303 1156 modo
323 1118 464 1171 Populi
486 1118 639 1169 judicia
668 1117 798 1169 prodi,
819 1130 895 1154 non
915 1116 1107 1162 Oratoris,
1130 1117 1216 1167 quis
1245 1116 1428 1155 dubitet?
1458 1115 1596 1165 Itaque
1619 1115 1652 1152 si

185 1180 302 1218 trium
321 1180 471 1219 illarum
494 1181 706 1225 civitatum,
735 1179 784 1217 de
813 1178 1036 1230 principatu
1065 1180 1165 1216 inter
1190 1192 1230 1216 se
1252 1177 1497 1222 certantium,
1519 1176 1579 1214 vel
1599 1176 1652 1214 ci·

187 1242 296 1288 viles,
316 1242 375 1281 vel
396 1242 558 1281 bellicas
579 1255 639 1279 res
660 1248 698 1279 et
720 1240 852 1279 harum
875 1247 1051 1290 tempora
1073 1239 1296 1285 attenderis,
1319 1246 1528 1288 utrumque
1543 1237 1652 1287 judi-

187 1306 292 1344 cium
313 1306 482 1358 reperias
503 1306 648 1357 optime
668 1306 717 1343 ad
739 1305 777 1343 id
808 1304 992 1356 temporis
1013 1317 1241 1356 congruere,
1274 1302 1381 1354 quod
1404 1302 1651 1340 Leuctricam

188 1380 356 1419 pugnam
378 1368 554 1419 proximo
577 1367 782 1405 intervallo
804 1372 979 1405 secutum
1000 1366 1089 1403 est.b

233 1485 245 1500 ¹
262 1480 513 1510 Animadvertere
529 1479 562 1510 id
578 1490 679 1520 opera:
704 1479 807 1520 putavi
831 1489 902 1518 pro-

190 1526 259 1560 pter
274 1523 508 1559 Androstanam,
529 1523 767 1557 Timocrateam.
783 1523 902 1552 Aristo-

189 1566 421 1602 crateam,aliss
445 1567 476 1596 in
503 1566 632 1606 privatis
663 1565 783 1595 caussis
799 1576 817 1595 a
837 1566 901 1595 No-

190 1611 255 1637 stro
271 1610 414 1648 scriptas,
431 1619 507 1648 quas
525 1613 646 1639 constat
674 1609 703 1638 in
725 1613 903 1647 suggestum

190 1650 334 1682 attulisse
350 1663 415 1688 eos,
431 1653 543 1691 quibus
565 1651 686 1691 scripta:
707 1656 822 1681 essent.
867 1651 903 1680 ln

191 1693 245 1723 tali
283 1705 394 1735 genere
422 1695 602 1728 cavendum.
642 1704 678 1723 ne
713 1699 826 1723 temere
856 1703 904 1728 ea,

191 1746 259 1775 qne
275 1743 347 1768 sunt
371 1738 499 1767 aliorum
528 1743 558 1767 et
581 1738 773 1766 diversorum
806 1736 904 1766 homi-

191 1781 328 1816 nnm,ad
357 1781 607 1814 Demosthenem,
637 1781 763 1818 ejusque
789 1789 839 1809 res
869 1789 904 1808 ao

192 1823 286 1853 vitam
317 1824 493 1854 reseramus.
563 1824 787 1862 Nonnunquam
824 1822 857 1852 id
888 1831 905 1851 a

191 1864 267 1895 viris
282 1866 384 1896 doctis
403 1867 514 1896 saotum
532 1866 674 1895 vidimus.

233 1911 247 1927 ¹
263 1909 334 1939 vid.
350 1909 375 1950 §
391 1909 447 1947 ιγ’.
463 1909 549 1939 Conl'.
568 1908 593 1948 §-
606 1907 649 1938 λί.

232 1952 248 1975 ὓ
260 1952 438 1982 Snmmatim
456 1953 505 1982 hio
523 1962 540 1981 a
568 1950 713 1981 studiosis
736 1950 905 1990 repetenda

190 2001 270 2030 sunt,
289 2006 357 2035 qna:
381 1995 460 2025 huno
473 1999 603 2025 tractum
620 1994 766 2033 temporis
788 1994 906 2024 notabi-

190 2039 248 2069 lem
266 2039 414 2068 fecerunt.
460 2037 597 2068 Primum
623 2042 672 2067 est
695 2037 851 2076 proelium,
874 2047 904 2065 a-

190 2083 253 2121 pud
270 2082 401 2112 Leuctra
416 2081 529 2111 sactum
542 2081 669 2119 Olymp.
695 2082 767 2116 102,
785 2082 815 2110 2.
861 2080 904 2109 Ea

190 2125 288 2164 prima
312 2134 420 2154 caussa
446 2123 502 2153 suit
529 2123 593 2153 odii
621 2123 854 2153 Atheniensium
873 2122 903 2152 in

188 2168 364 2202 Thebanos.
380 2167 554 2197 inflammati
580 2166 692 2196 deinde
717 2166 825 2195 horum
853 2175 903 2195 su-

190 2210 296 2251 perbia
311 2215 341 2240 et
358 2210 528 2249 imperandi
553 2208 693 2239 libidine.
738 2208 810 2239 Vid.
841 2209 903 2239 De-

190 2253 303 2284 mostb.
318 2254 357 2282 do
381 2254 453 2283 Cor.
469 2253 496 2293 §.
513 2252 547 2293 ζ.
593 2253 668 2282 Mox
692 2251 903 2291 Megalopolis

191 2296 222 2326 iu
240 2295 371 2327 Arcadia
386 2296 541 2329 conditur,
556 2299 588 2325 et
600 2295 760 2329 Messenii.
773 2296 902 2324 auctori-

191 2339 249 2369 bus
267 2339 432 2374 Thebanis,
453 2338 483 2368 in
506 2338 750 2376 Peloponnesum
776 2338 905 2368 redeunt

190 2382 315 2422 Olymp.
335 2384 449 2416 toas·
492 2381 561 2412 Jam
583 2380 733 2415 Thebani,
761 2386 823 2410 tum
841 2380 905 2410 bel-

189 2424 299 2455 lumin
325 2424 485 2454 Thessalia
509 2429 662 2463 gorentes,
684 2423 786 2453 deseri
809 2425 904 2463 eoepti

191 2473 262 2498 sunt
278 2479 295 2498 a
310 2468 417 2502 sociis,
442 2472 567 2506 gravate
592 2466 760 2497 serentibus
781 2466 903 2497 illorum

190 2510 429 2540 dominationem
443 2522 449 2539 ε
468 2509 672 2540 Athenienses
686 2515 787 2540 autem
799 2516 906 2540 contra

189 2553 351 2584 'Thebanos
366 2564 434 2584 cum
461 2553 704 2584 Lacedoemonii·
725 2553 904 2584 societatem

191 2601 223 2626 et
239 2597 338 2627 l'oedns
354 2596 480 2631 faciunt,
497 2607 558 2636 qno
576 2595 726 2637 imprimis
743 2596 902 2635 imperium

191 2639 284 2670 maris
310 2645 493 2679 recuperant
516 2639 642 2679 Olymp.
662 2642 733 2674 10¹2,
749 2642 779 2669 4.
825 2640 905 2670 Dein

191 2681 316 2722 Olymp.
346 2685 419 2718 105.
436 2687 466 2714 2.
494 2682 643 2717 Thebani,
666 2682 812 2712 auxilium
831 2683 905 2712 Per-

193 2734 292 2755 sarum
308 2731 490 2765 expetentes
511 2725 548 2755 ad
565 2725 733 2765 potentiam
751 2735 835 2755 snam
851 2735 905 2755 au·

194 2767 336 2806 [rendam.
350 2769 388 2798 ad
407 2770 605 2799 Artaxerxem
623 2769 744 2808 legatos
768 2769 905 2804 mittunt,

195 2810 376 2849 Pelopidam
402 2817 435 2842 et
464 2812 636 2842 lsmenism.
683 2812 807 2851 Olymp.
833 2814 906 2849 103,

194 2853 226 2882 3.
246 2858 418 2892 occupatur
441 2865 459 2885 a
488 2855 643 2885 Thebanis
666 2856 800 2894 Oropus,
817 2855 905 2895 oppi-

195 2894 268 2925 dum
284 2895 314 2925 in
336 2896 467 2926 confinio
483 2898 593 2929 Atticm
610 2903 641 2928 et
661 2898 786 2927 &2011ae
804 2898 907 2928 situm.

196 2937 324 2977 Olymp.
338 2942 411 2974 104,
429 2943 459 2970 2.
472 2951 574 2980 pugna
597 2942 629 2971 lit
654 2941 692 2970 ad
712 2941 910 2975 Mantineam,

196 2990 257 3020 qua
281 2981 404 3021 penitus
431 2983 600 3014 eoneidunt
629 2984 786 3024 Spartana:
816 2984 910 3019 vires,

1145 1365 1343 1409 Quoniam
1365 1364 1467 1403 enim
1488 1377 1558 1415 per
1578 1363 1651 1402 hos

937 1490 993 1509 neo
1005 1479 1066 1518 ipsi
1080 1484 1178 1509 tamen
1194 1478 1322 1509 multum
1336 1479 1482 1517 juvantur
1502 1476 1653 1513 Thebani,

937 1523 1109 1562 praesertim
1124 1523 1224 1551 orbati
1238 1523 1437 1552 consiliorum
1452 1531 1576 1551 suorum
1588 1531 1654 1550 om-

937 1565 1020 1595 nium
1051 1565 1256 1605 principibus,
1287 1565 1439 1604 Pelopida
1467 1569 1499 1594 et
1526 1563 1651 1602 Epami-

937 1608 1052 1638 nonda.
1110 1609 1159 1638 Ex
1187 1609 1316 1638 adversa
1342 1608 1465 1637 fortuna
1495 1607 1654 1645 utriusque

937 1652 1044 1690 populi
1063 1652 1127 1690 jam
1151 1651 1233 1681 vires
1257 1650 1379 1690 colligit
1411 1650 1508 1689 Resp.
1536 1650 1653 1684 Attica,

939 1694 1070 1723 validior
1101 1693 1192 1723 etiam
1225 1694 1314 1723 novis
1350 1693 1449 1732 copiis
1479 1692 1654 1728 navalibus,

938 1742 1127 1776 receptaque
1144 1736 1342 1766 multitudine
1360 1735 1523 1771 sociorum,
1541 1736 1655 1765 tributa

938 1779 1148 1818 pendentium.
1195 1779 1240 1808 Ac
1272 1789 1344 1808 sane
1361 1778 1458 1818 Resp.
1486 1778 1523 1808 ad
1549 1779 1654 1817 pristi-

939 1832 1006 1852 nam
1027 1822 1268 1860 magnitudinem
1293 1821 1450 1856 rediisset,
1475 1831 1654 1860 magnorum

939 1865 1127 1905 quorundam
1155 1865 1268 1894 civium
1304 1865 1408 1903 adjuta
1446 1864 1597 1899 consiliis,
1628 1864 1654 1894 si

940 1918 999 1938 non
1023 1909 1101 1938 duos
1129 1908 1326 1937 insidiatores
1355 1917 1498 1947 perteque
1522 1907 1653 1937 infestus

939 1951 1079 1986 aluisset,
1096 1960 1213 1980 morum
1230 1950 1383 1989 publicam
1403 1950 1598 1990 pravitatem,
1621 1954 1654 1980 et

941 1994 1124 2033 Philippum
1167 1993 1380 2023 Macedonem.
1440 1992 1516 2028 Hic,
1557 2003 1653 2032 regno

939 2037 1064 2077 Olymp.
1084 2039 1158 2072 104,
1181 2039 1212 2066 4.
1229 2044 1391 2076 occupatu,
1415 2036 1547 2074 primum
1571 2041 1654 2066 artes

940 2090 1011 2110 suas
1045 2080 1156 2110 callide
1190 2083 1307 2119 tegere,
1336 2078 1500 2109 amicitiam
1532 2089 1654 2118 quoque

939 2133 1008 2153 cum
1048 2122 1289 2153 Atheniensibus
1323 2131 1468 2162 pangere.
1528 2122 1653 2161 Olymp.

941 2169 1014 2201 105,
1029 2168 1060 2197 2.
1105 2166 1191 2195 Idem
1211 2171 1312 2195 tamen
1329 2165 1434 2205 paullo
1459 2169 1528 2205 post
1545 2165 1653 2195 amicis

939 2209 1078 2249 Pydnam
1097 2214 1128 2238 et
1145 2208 1314 2238 Potidaeam
1327 2207 1421 2247 eripit.
1437 2207 1562 2248 Olymp.
1580 2211 1655 2244 105,

938 2253 982 2287 8.,
999 2253 1118 2292 aliaque
1134 2262 1205 2281 mox
1227 2252 1257 2281 in
1284 2252 1462 2281 Groecorum
1480 2251 1653 2281 libertatem

939 2296 1140 2330 machinatur,
1167 2305 1235 2334 qua:
1270 2305 1329 2324 non
1365 2298 1434 2324 sunt
1464 2294 1554 2333 hujus
1581 2294 1654 2324 loci.

940 2337 1063 2369 Interea
1086 2337 1174 2372 socii,
1212 2348 1292 2367 novo
1317 2339 1393 2376 jugo
1423 2336 1653 2367 Atheniensium

939 2381 1064 2411 nimium
1081 2381 1194 2420 pressi,
1210 2380 1292 2416 Chii,
1321 2380 1450 2416 Rhodii,
1473 2381 1527 2410 Coi
1545 2384 1574 2409 et
1594 2381 1654 2418 By-

937 2425 1042 2460 zantii,
1068 2424 1180 2454 bellum
1199 2429 1334 2460 movent,
1354 2423 1417 2464 (τὸν
1432 2422 1556 2462 πόλιμον
1575 2433 1655 2461 συμ-

937 2465 1094 2509 μαχικόν.)
1111 2466 1192 2506 quod
1226 2477 1318 2506 grave
1352 2466 1502 2505 imprimis
1533 2465 1654 2494 exstitit

941 2510 1144 2549 vectigalibus
1163 2509 1309 2550 Reipuhl.
1356 2508 1486 2539 Ducitur
1503 2507 1579 2537 illud
1598 2517 1653 2546 per

939 2559 1002 2583 tres
1018 2555 1081 2584 fere
1111 2563 1219 2588 annos,
1246 2563 1343 2591 neque
1360 2562 1420 2590 pax
1438 2552 1574 2580 insecuta
1602 2550 1654 2580 Ol.

942 2599 1015 2632 106,
1047 2600 1076 2626 1.
1108 2606 1186 2636 opes
1223 2597 1323 2626 statim
1363 2594 1508 2624 reddidit.
1569 2592 1654 2623 Hinc

939 2639 1091 2678 proximis
1107 2639 1194 2669 annis
1206 2639 1339 2677 qum-elau
1355 2638 1394 2666 do
1415 2636 1526 2666 nsslicta
1547 2636 1655 2666 condi-

941 2682 1022 2712 tione
1037 2693 1138 2712 rerum
1157 2683 1337 2712 Atticarum.
1385 2680 1425 2709 Et
1442 2683 1555 2709 tantum
1572 2678 1655 2718 quod

940 2726 1134 2765 profligatum
1162 2725 1274 2754 bellum
1306 2722 1421 2752 sociale
1452 2728 1528 2758 erat,
1561 2732 1654 2761 quam

939 2769 1021 2798 aliud
1039 2768 1166 2802 exarsit,
1181 2768 1261 2806 quod
1281 2776 1398 2796 sacrum
1427 2769 1549 2799 vocant,
1573 2765 1654 2795 omni

941 2811 1069 2841 Grecis„
1086 2810 1336 2840 funestissimum.
1382 2808 1562 2847 Quanquam
1586 2809 1654 2847 ejus

941 2855 1130 2883 calamitates
1162 2853 1263 2883 Attica
1300 2852 1398 2882 minus
1427 2850 1532 2880 sensit.
1590 2852 1654 2881 Sub

943 2898 1032 2935 hujus
1045 2897 1118 2925 belli
1136 2896 1222 2925 initia
1242 2895 1477 2925 Demosthenem
1495 2894 1533 2923 ad
1559 2894 1654 2924 Rem-

943 2939 1029 2979 publ.
1047 2939 1228 2973 accessisse,
1243 2950 1260 2968 a
1277 2938 1426 2977 Dionysio
1448 2942 1478 2967 ot
1501 2936 1569 2966 aliis
1591 2947 1655 2967 me-

943 2982 1046 3014 moria?
1059 2982 1214 3022 proditum
1231 2987 1289 3012 est.
1316 2981 1380 3012 Sed
1395 2981 1541 3012 hactenns
1557 2980 1633 3010 hsce.
