1928 3284
207 163 312 218 116

598 169 1248 214 ΔΗΜΟΣΘΕΝΟὙΣ

320 286 576 330 πλημμελοῦσιν
592 285 637 326 εἷς
652 288 689 319 τὸ
706 286 793 330 ἱερὸν
809 289 867 318 τοῦ
879 286 1100 325 ’Λπόλλωνος
1123 289 1181 319 τοῦ
1197 287 1234 319 ἐν
1250 288 1400 330 Δελφοῖς,
1417 287 1472 319 καὶ
1488 288 1553 327 τὴν
1570 286 1663 329 ἱερὰν

318 335 434 378 χώραν
449 334 621 377 ἐρχόμενοι
632 332 701 376 μεθ’
712 333 830 365 ὅπλων
840 334 1052 374 λεηλατοῦσι,
1070 333 1237 377 βούλομαι
1250 336 1298 376 τῷ
1314 335 1378 376 θεῷ
1393 334 1462 377 μεθ’
1475 334 1568 377 ὑμῶν
1578 334 1662 375 βοη-

320 381 403 422 Θεῖν,
419 381 473 412 καὶ
496 380 692 423 ἀμύνασθαι
713 381 791 417 τοὺς
808 379 1087 422 παραβαίνοντάς
1112 393 1144 413 τι
1159 384 1227 413 τῶν
1244 382 1280 414 ἐν
1296 381 1486 425 ἀνθρώποις
1500 381 1661 422 εὐσεβῶν.

321 428 401 465 ὥςτε
418 429 606 460 συναντᾶτε
631 427 717 468 μετὰ
740 429 808 458 τῶν
834 426 952 459 ὅπλων
978 427 1022 465 εἰς
1047 429 1113 467 τήν
1134 427 1277 469 Φωκίδα,
1293 428 1429 470 ἔχοντες
1455 429 1665 470 ἐπισιτισμὸν

321 474 454 518 ἡμερῶν
469 472 728 516 τετταράκοντα,
754 474 811 504 τοῦ
835 472 1016 512 ἐνεστῶτος
1036 475 1145 515 μηνὸς
1162 474 1272 516 Λῴου,
1297 476 1341 514 ὡς
1357 475 1453 518 ἡμεῖς
1470 475 1608 564 wem
1627 475 1673 512 ὡς

1491 535 1533 566 ,ῃ

322 519 351 551 δ’
363 520 550 560 Ἀθηναῖοι,
568 519 829 562 Βοηδρομιῶνος,
845 519 889 557 ὡς
905 518 937 551 δὲ
951 520 1138 563 Κορίνθιοι,
1150 521 1319 564 Πανέμου.
1345 525 1416 560 τοῖς
1433 521 1465 554 δὲ

250 628 324 671 ’ἱερὸν
351 630 415 671 τοῦ]
454 629 677 668 Corrigendnm
704 633 780 667 puto
806 626 840 658 τὸ
862 629 922 658 τοῦ.

210 673 419 704 WUNDERL.
773 694 781 696 ,

254 716 427 756 {munta-re]
457 721 510 744 Mor
524 713 653 744 inseruit
671 723 725 743 sua
742 714 924 744 auctoritate

212 759 400 788 Lambinus:
418 756 576 788 συναντᾶτε
592 767 643 796 μοι
658 758 740 796 μετὰ
755 759 810 787 τῶν
822 756 925 788 δ’πλων.

212 802 367 831 huon.

254 842 482 884 Ἐω-ισιτισμδν]
508 842 637 874 Juvabit
652 843 790 872 conferre
806 844 862 873 hos
879 852 927 873 se-

211 887 316 917 narios
343 887 455 917 Eubuli
484 887 522 916 ab
553 886 800 926 Harpocratione
831 886 928 917 addu-

212 934 291 966 ctos,
320 939 337 959 a
362 929 487 959 Valesio
519 933 621 959 autem
654 929 730 959 scite
763 930 928 959 admodum

216 972 413 1003 emendatos:

213 1040 316 1081 Ἡμεῖς
330 1039 395 1071 ποτ’
410 1041 507 1082 ἄνδρας
518 1039 688 1081 Κεκξοπίδιις
709 1039 866 1080 ἐπείσαμεν

215 1083 404 1117 Λαβόντας
419 1083 620 1124 εἶς“Ύ’μ.ηττον
635 1082 755 1123 ἐξελθεῖν
769 1084 875 1120 ὅπλα,

216 1126 270 1156 Καὶ
287 1128 388 1156 σῖτον
409 1125 464 1156 ἐπὶ
479 1127 633 1167 μύρμηκας
653 1128 784 1168 ἧμερῶν
805 1129 916 1167 τριῶν,

217 1168 272 1204 ‘ng
286 1169 496 1212 χρυσετεύκτου
513 1169 671 1210 ψήγματος
687 1169 846 1211 πεφῃνὸτος.

826 1213 932 1242 IDEM.

260 1270 316 1300 Tc&
349 1268 500 1305 ἐνεστῶτος
528 1269 628 1311 μηνὸς]
669 1270 767 1301 Mense
792 1272 933 1310 proximo,

216 1313 357 1354 plerique
381 1317 518 1349 vertunt,
540 1313 663 1343 incaute
676 1324 683 1342 z
707 1319 830 1353 tempus
855 1313 934 1344 enim

214 1365 342 1396 praesens
358 1355 502 1386 ἐνεστῶτα,
511 1356 614 1386 Graeci
626 1361 748 1387 vocant.
770 1357 935 1399 (Budaeus,

218 1405 253 1438 pL
272 1397 362 1438 107.)
388 1398 504 1428 Sroex.

265 1441 477 1482 Βοηδξομιῶνος]
507 1441 626 1471 lterum
652 1440 823 1478 Corsiuius,
849 1443 935 1473 Fast.

220 1485 316 1515 Attio.
333 1483 465 1514 Dissert.
483 1484 548 1514 111.
565 1484 590 1523 ς
605 1486 657 1515 21.
673 1487 725 1515 22.
748 1489 780 1515 et
794 1485 935 1525 Agonist.

220 1527 255 1557 in
270 1527 361 1557 Nem.
378 1525 404 1565 ἑ.
420 1529 471 1557 14.
517 1526 687 1557 Videamus
712 1532 812 1558 autem
835 1528 936 1567 primo

222 1569 377 1610 Mensium
389 1569 499 1599 seriem
508 1569 755 1605 disertissimam,
765 1573 856 1609 atque
870 1580 936 1600 eam

221 1613 304 1643 Anni
325 1612 510 1652 portionem,
531 1622 620 1651 quam
635 1613 692 1642 Vir
714 1613 767 1643 ille
791 1613 937 1643 doctissi-

224 1666 292 1687 mus
306 1655 357 1686 his
373 1656 464 1685 rebus
481 1656 634 1695 assignat:

354 1739 564 1771 Anthesterio.
579 1740 637 1770 Cui
654 1739 939 1781 respondetFebru·

398 1785 480 1814 arii-‘s
494 1787 746 1823 praeterpropter.

355 1826 570 1865 Elaphebolio.

354 1869 539 1908 Munychio-

355 1912 533 1951 Thargelio.

357 1955 605 1994 Scirrhophorio.

358 1997 593 2028 Heeatombaeo.

359 2040 556 2079 Metagituio.

359 2083 555 2113 Boedromio.
573 2084 655 2114 circa
671 2084 873 2123 Septembrem.

229 2125 398 2155 Videamus
413 2136 505 2165 porro
519 2127 636 2156 Rerum
659 2131 813 2167 gestarum
837 2135 943 2156 conse-

232 2167 398 2208 quentiam.

232 2259 548 2290 Anrnusrnmoms
577 2259 628 2290 die
643 2260 752 2290 XVIto
780 2260 945 2291 AEschines

275 2303 445 2343 Pylagoras
458 2303 569 2332 factus.
614 2304 774 2334 Demosth.
791 2304 813 2335 ἐ.
828 2304 870 2333 νά..

320 2361 462 2400 Delphos
479 2361 695 2400 proficiscitur.

319 2405 444 2436 Bellum
458 2404 699 2455 ’Amphis-sense,
723 2404 790 2436 sive
817 2405 946 2445 Amphi-

364 2451 551 2486 ctyomcum‚
574 2453 719 2479 concitat.

318 2491 492 2531 Eapropter
514 2492 694 2523 Graecorum
706 2492 880 2531 Imperator
892 2491 946 2522 de-

365 2532 527 2564 sideratur.

323 2576 363 2606 Id
376 2577 560 2615 Imperium,
584 2576 742 2608 AEschinis
764 2576 887 2613 astutia,
909 2577 948 2607 ad

365 2619 550 2659 Philippum
565 2620 713 2651 defertur.

322 2661 502 2702 Philippus,
528 2673 595 2693 eam
619 2667 804 2703 potestatem
828 2667 948 2700 nactus,

365 2705 478 2743 socios,
515 2706 572 2736 hac
608 2706 762 2746 Epistola,
800 2711 950 2737 convocat

365 2748 454 2787 quasi
475 2754 582 2780 contra
608 2751 727 2781 Locros
749 2749 949 2790 Amphissen-

368 2800 430 2820 ses.

323 2832 394 2862 Jam
415 2833 570 2865 robustior
590 2835 687 2866 factus
709 2835 805 2867 totius
820 2835 950 2868 Graeciae

368 2876 608 2908 dominationem
622 2879 797 2912 meditatur.

326 2916 466 2950 Elateam
480 2925 623 2960 occupat.

327 2959 511 3002 Trepidatur
527 2963 666 2996 Athenis.

1533 533 1673 554 'auvav-

1043 630 1260 661 Thebanorum
1283 632 1422 662 Societas
1447 631 1585 661 consiliis
1608 632 1673 661 De-

1086 674 1257 704 mosthenis
1279 677 1469 713 comparata.

960 748 1153 778 METAGITN
1161 757 1215 777 ron
1223 757 1252 778 1s
1266 747 1428 778 dieVIIms’
1443 755 1611 788 pugnatum
1626 753 1674 779 est

1003 791 1041 819 ad
1058 791 1269 826 Chaeroneam,
1293 795 1385 830 atque
1401 796 1501 821 actum
1517 796 1565 822 est
1580 793 1620 822 de
1636 792 1674 821 li-

1004 834 1127 905 gertaff
1141 835 1331 864 Graecorum.
1374 835 1534 865 Plutarch.
1557 835 1589 864 iu
1611 834 1675 865 vita

1034 887 1093 906 ami
1120 887 1139 907 1.

963 936 1072 974 Igitur,
1088 940 1124 965 ut
1146 935 1303 966 concludit
1318 936 1375 965 Vir
1399 936 1608 971 doctissimus,
1624 946 1676 966 ue-

962 989 1053 1009 e-esse
1069 983 1127 1014 est,
1140 983 1175 1008 ut
1187 983 1326 1009 exararet
1337 979 1500 1019 Philippus
1516 980 1592 1009 hanc
1600 979 1677 1017 Epi-

964 1022 1074 1052 stulam
1089 1022 1168 1051 inter
1177 1021 1427 1051 Anthesterionis
1445 1022 1525 1052 diem
1542 1022 1677 1052 XVItum

964 1069 995 1095 et
1007 1064 1240 1104 Metagitnionis
1254 1064 1335 1094 diem
1350 1065 1490 1095 VIIfflum.
1518 1065 1588 1094 Nou
1605 1075 1677 1094 con-

963 1107 1038 1147 tigit
1067 1114 1134 1137 ante
1161 1108 1250 1137 istam
1273 1108 1387 1143 AEram,
1414 1108 1485 1146 quia
1511 1108 1577 1137 haec
1600 1107 1679 1138 scri-

964 1151 1103 1190 psitjam
1117 1151 1317 1189 Imperatoris
1333 1150 1588 1190 Amphictyonici
1612 1160 1679 1179 mu-

965 1203 1038 1222 nere
1053 1193 1194 1231 fnngenS.
1239 1194 1350 1231 Neque
1365 1203 1471 1222 rursus
1485 1199 1550 1231 post
1566 1193 1679 1222 bellum

967 1239 998 1264 et
1012 1235 1212 1264 infortunium
1229 1235 1432 1264 Chaeronense
1449 1246 1455 1263 t
1482 1236 1554 1265 Non
1577 1234 1680 1274 potuit

967 1278 1045 1308 enim
1063 1288 1117 1307 eos
1133 1277 1261 1308 invitare
1277 1278 1316 1308 ad
1329 1288 1488 1307 commune
1502 1278 1619 1307 bellum
1634 1277 1682 1307 in-

967 1321 1138 1357 ferendum,
1160 1320 1325 1350 Societatis
1343 1322 1423 1359 jure,
1440 1331 1516 1359 quos
1528 1322 1592 1359 jam
1610 1320 1680 1359 ipse

967 1364 1187 1400 debellaverat,
1200 1371 1231 1394 et
1242 1363 1385 1393 libertate
1401 1364 1592 1402 fortunisque
1606 1373 1682 1393 exu-

968 1412 1044 1437 erat.
1100 1408 1208 1446 Itaque
1239 1406 1412 1445 Epistulam
1442 1406 1682 1442 Boedromione,

969 1451 1022 1488 qui
1046 1449 1302 1490 Metagitnionem
1329 1459 1475 1485 mensem,
1502 1449 1682 1488 clademque

970 1493 1206 1523 chaeronensem
1229 1491 1378 1531 sequitur,
1401 1503 1463 1522 non
1478 1491 1576 1521 dedit.
1622 1492 1683 1521 Ρο-

969 1537 1029 1567 tuit
1053 1536 1132 1571 fieri,
1158 1541 1192 1565 ut
1218 1536 1479 1566 Hecatombaeone
1504 1534 1684 1574 scripserit3

971 1587 1100 1616 eumque
1125 1577 1222 1616 igitur
1248 1587 1397 1613 mensem,
1424 1576 1595 1607 rationibus
1618 1577 1685 1616 qui-

971 1621 1099 1650 busdam
1114 1620 1154 1649 ad
1177 1630 1243 1650 eam
1270 1630 1334 1650 rem
1359 1621 1485 1656 ductus,
1510 1619 1543 1649 in
1566 1620 1684 1649 Demo-

972 1663 1088 1694 sthenis
1102 1664 1207 1693 Texta
1230 1662 1362 1702 reponit.
1406 1663 1521 1692 Verum
1549 1661 1686 1693 certissi-

971 1707 1030 1737 mis
1050 1705 1239 1745 argumentis
1259 1706 1412 1743 evincam,
1427 1706 1505 1735 hanc
1527 1715 1593 1735 rem
1616 1715 1687 1735 con-

972 1749 1080 1789 tigisse
1096 1749 1189 1779 etiam
1206 1753 1274 1779 ante
1298 1759 1435 1779 mensem
1450 1749 1689 1779 Hecatombaeo-

973 1803 1053 1828 nem,
1082 1792 1135 1832 qui
1162 1791 1318 1822 antevenit
1341 1791 1540 1822 infortunium
1565 1791 1689 1822 Chaero-

973 1846 1079 1866 nense.
1124 1835 1225 1865 Ecce:

1018 1893 1194 1934 Philippus,
1208 1893 1460 1935 Amphictyonici
1486 1893 1562 1924 belli
1584 1893 1688 1932 Impe-

1060 1943 1144 1968 rator
1173 1938 1284 1973 faetus,
1313 1937 1446 1977 primum
1476 1937 1597 1966 occulte
1625 1935 1691 1975 agit

1061 1990 1131 2010 cum
1146 1979 1258 2016 Sociis,
1272 1979 1428 2016 simulans,
1441 1990 1474 2010 se
1485 1979 1689 2019 AmphIetyo-

1062 2023 1140 2053 nicae
1155 2033 1255 2055 causae
1272 2023 1407 2053 studere.

1019 2065 1141 2095 Bellum
1156 2072 1245 2105 parat
1266 2069 1372 2095 contra
1388 2066 1516 2095 Locros.

1019 2108 1160 2137 Phocide
1176 2112 1358 2139 conventum
1376 2108 1494 2137 statuit.

1019 2151 1128 2181 Subito
1145 2161 1325 2187 conversus,
1334 2149 1593 2190 Amphictyonico
1607 2149 1690 2179 bello

1063 2193 1168 2223 valere
1174 2194 1277 2235 jusso,
1291 2199 1396 2224 contra
1407 2195 1534 2223 Graecos
1552 2203 1608 2223 nec
1625 2192 1692 2232 opi-

1068 2240 1174 2266 nantes
1199 2247 1280 2267 arma
1305 2236 1410 2271 vertit,
1432 2241 1522 2275 atque
1539 2236 1690 2270 mamam,

1065 2289 1166 2310 arcem
1182 2279 1429 2316 munitissimam,
1444 2282 1584 2318 occupat.

978 2365 1047 2395 Jam
1066 2374 1140 2404 ergo
1162 2369 1230 2395 ante
1247 2368 1367 2405 captam
1384 2365 1534 2400 Elateam,
1551 2364 1589 2394 ad
1602 2363 1695 2394 Pelo-

978 2417 1188 2447 ponnesenses
1220 2412 1312 2449 atque
1343 2407 1444 2438 socios
1472 2407 1578 2437 literas
1607 2407 1695 2437 dedit

979 2450 1157 2490 Philippus.
1202 2451 1429 2482 Demosthenes
1452 2450 1534 2480 enim
1551 2449 1695 2479 disertis-

981 2494 1057 2523 sime
1086 2494 1205 2531 scribit,
1232 2504 1314 2530 eum,
1337 2504 1408 2524 cum
1432 2494 1499 2523 haeo
1524 2491 1695 2532 scripserit,

980 2535 1180 2567 dissimulatis
1204 2536 1339 2572 insidiis,
1362 2546 1438 2576 quas
1460 2535 1590 2566 Graeciae
1616 2539 1697 2565 stru—

981 2585 1081 2616 xerat,
1095 2579 1195 2610 videri
1205 2578 1468 2619 Amphictyonica
1483 2579 1627 2608 mandata
1641 2588 1697 2608 ex-

982 2626 1178 2662 sequentem:
1204 2620 1298 2652 ’rava-²
1327 2620 1384 2653 ἔωὶ
1408 2623 1458 2653 τὴν
1480 2620 1622 2657 Ἐλλάδα,
1645 2619 1698 2650 καὶ

981 2667 1047 2700 τοὺς
1068 2663 1212 2701 ementem,
1236 2665 1284 2695 καὶ
1307 2665 1386 2705 ὑμᾶς
1408 2664 1554 2705 πράττειν
1575 2662 1698 2703 ἀπεκρύ-

982 2719 1086 2745 πτετο,
1100 2710 1174 2739 κοινὰ
1185 2707 1214 2738 δὲ
1229 2707 1278 2738 καῖ
1291 2709 1352 2743 τοῖς
1365 2706 1562 2748 Ἀμφικτύοσι
1577 2705 1696 2745 δόξαντα

983 2752 1070 2782 ποιεῖν
1094 2752 1298 2793 προσεποιεῖτο.
1325 2752 1349 2784 §.
1369 2752 1412 2781 νίι.
1457 2750 1563 2789 Atque
1589 2749 1698 2779 eadem

983 2793 1100 2834 pariter
1119 2805 1160 2825 ex
1182 2794 1282 2824 literis
1304 2793 1387 2834 ipsis
1409 2791 1551 2832 Philippi
1576 2791 1698 2830 colligi-

983 2846 1064 2868 mus.
1113 2838 1182 2868 Jam
1206 2841 1308 2867 autem
1336 2845 1472 2868 nnn-EA
1498 2844 1610 2869 caera
1635 2844 1696 2865 Esr

985 2889 1078 2911 ANTE
1095 2889 1242 2911 mensem
1265 2886 1594 2910 nncAroMBAEoNEM.
1616 2876 1698 2908 Nam

985 2933 1055 2953 cum
1072 2923 1201 2952 nuncius
1216 2922 1354 2952 Athenas
1370 2923 1410 2952 de
1426 2932 1462 2952 ea
1477 2931 1510 2951 re
1527 2924 1611 2951 esset
1625 2930 1698 2960 per-

986 2967 1076 3003 latus,
1091 2970 1123 2997 et
1138 2970 1220 2998 tanta
1235 2965 1314 2997 facta
1329 2964 1452 2997 Civium
1469 2963 1698 2999 consternatio,
