1928 3284
233 206 343 254 382
675 215 833 261 FRID.
867 217 1006 260 AUG.
1038 216 1259 260 WOLFII

233 322 462 360 vocabulum
484 321 682 372 antiquam
708 328 749 360 et
778 323 972 373 propriam
996 328 1244 374 potestatem,
1267 334 1343 372 qua
1371 321 1597 371 praefectum
1618 322 1683 360 tri-

235 383 349 420 remis
370 382 552 432 signarat,
573 382 657 431 jam
685 388 766 421 tum
787 384 937 421 exuisse
968 384 1184 434 putandum
1205 390 1276 421 est.
1332 383 1436 420 Nam
1455 383 1522 433 qui
1543 383 1686 421 contri-

237 443 415 488 buerant,
437 455 543 493 saepe
562 443 666 480 domi
689 444 922 489 residebant,
939 444 1014 481 alio
1036 445 1219 494 quopiam
1241 444 1445 481 ad-navem
1464 443 1685 482 amandato.

235 504 390 541 Scilicet
415 505 453 541 in
471 517 615 541 morem
636 510 795 541 venerat
823 504 968 541 locatio
987 504 1236 549 trierarchiae,
1259 504 1560 554 haudquaquam
1582 505 1686 542 utilis

236 565 393 602 Civitati
422 578 494 602 res.
552 565 662 601 Unus
690 567 888 610 συντελῶν,
916 565 1061 602 otiosus
1093 566 1192 603 forte
1223 573 1289 603 aut
1317 565 1449 615 aliqua
1469 566 1518 603 de
1547 578 1686 603 caussa

234 625 518 675 expeditionem
536 623 705 673 quaestui
727 624 943 670 habiturus,
959 626 1164 674 pecuniam
1181 638 1203 662 a
1217 626 1333 663 sociis
1353 625 1545 676 exigebat,
1559 638 1684 675 eaque

234 687 401 724 collecta
426 685 529 722 solus
555 684 760 722 militabat.
817 685 876 721 Ita
894 698 986 723 vero
1007 685 1056 723 de
1076 686 1136 731 iis,
1166 698 1255 735 quae
1277 686 1377 723 male
1402 685 1506 724 facta
1530 692 1597 724 aut
1616 700 1683 724 cu-

232 753 316 785 rata
334 748 371 784 in
395 758 547 783 munere
568 752 710 792 essent,
730 758 807 783 uon
826 746 1034 785 redemtori
1053 753 1138 785 erat
1155 747 1254 785 ratio
1274 746 1487 793 reddenda,
1509 747 1577 785 sed
1596 747 1682 792 illis,

234 809 300 858 qui
321 805 568 845 locaverant!

286 870 344 906 Ex
360 869 430 914 his,
449 881 537 918 quae
559 868 769 919 disputavi,
790 868 914 907 facilis
933 875 993 907 est
1019 869 1264 915 existimatio,
1287 882 1403 919 quam
1423 881 1587 907 onerosa
1605 881 1684 905 mu-

232 943 323 968 nera
356 930 510 976 fuerint,
547 936 814 979 quantumque
850 937 931 969 tum
964 931 1129 982 periculi
1167 931 1359 976 habuerit,
1396 931 1554 968 divitem
1586 943 1684 968 esse.

232 993 285 1031 Et
304 992 527 1043 postulabat
546 992 691 1030 Civitas
709 992 818 1041 quasi
833 992 924 1041 jure
946 1006 1032 1044 suo,
1052 993 1109 1031 uti
1128 992 1334 1031 facultates
1351 991 1516 1041 quisque
1537 1004 1624 1028 suas
1646 990 1683 1027 in

232 1053 392 1104 publica
425 1052 631 1090 commoda
659 1058 697 1090 et
725 1059 951 1091 ornamenta
980 1053 1246 1105 profunderet,
1282 1065 1360 1090 non
1391 1053 1571 1090 laborans
1606 1051 1682 1096 illa.

232 1114 326 1164 quin
343 1114 429 1164 quis
444 1113 632 1163 choragiis
653 1120 719 1150 aut
737 1113 968 1152 trierarchiis
988 1115 1038 1152 ad
1055 1120 1266 1165 egestatem
1288 1113 1557 1162 redigeretur.‘=‘
1610 1113 1684 1150 Ita-

233 1189 309 1225 que
329 1176 432 1226 apud
455 1176 641 1212 Oratores
661 1175 823 1225 legimus
844 1176 1034 1214 accidisse
1054 1189 1131 1213 non
1150 1188 1249 1221 raro,
1272 1181 1313 1212 ut
1335 1175 1402 1224 qui
1421 1175 1561 1224 opibus
1582 1174 1684 1211 vale-

231 1244 304 1283 ret,
335 1250 439 1287 opes,
469 1249 704 1286 quacunque
733 1242 814 1274 arte
842 1244 988 1287 posset,
1017 1237 1289 1275 dissimularet.
1347 1237 1494 1274 Contra
1520 1248 1599 1272 non
1620 1235 1687 1272 de-

231 1305 342 1337 erant
357 1298 517 1336 florente
538 1298 729 1349 Republ„
748 1299 827 1348 qui,
841 1298 1039 1349 popularis
1055 1311 1159 1337 aurae
1175 1297 1397 1349 captandae,
1419 1309 1536 1346 quam
1552 1309 1685 1346 opum,

232 1360 466 1410 cupidiores,
501 1371 658 1396 munera
688 1359 854 1397 libenter
883 1360 1112 1410 reciperent,
1146 1366 1185 1397 et
1212 1360 1272 1397 vel
1304 1359 1425 1396 multo
1460 1358 1548 1408 plus
1578 1357 1682 1394 insu-

231 1421 384 1467 mendo,
408 1421 466 1458 vel
488 1421 628 1470 saepius
647 1421 872 1470 repetendo,
901 1434 1016 1471 quam
1038 1434 1135 1470 opus
1159 1425 1271 1466 esset,
1293 1432 1402 1458 suum
1428 1419 1466 1456 in
1485 1419 1588 1456 cives
1608 1424 1686 1455 stu-

231 1483 338 1521 dium
362 1483 589 1532 jactarent.h
642 1482 783 1531 Neque
813 1495 903 1520 vero
934 1482 1159 1520 occasiones
1193 1494 1325 1519 omnes
1359 1479 1681 1529 enumeravimus,

971 1567 1001 1597 in
1012 1572 1082 1598 nota
1096 1580 1119 1597 r.
1131 1578 1161 1607 p.
1176 1569 1247 1598 378.
1259 1565 1461 1596 Notabilehic
1474 1565 1625 1604 imprimis
1636 1569 1684 1594 est

972 1611 1144 1649 exemplum
1163 1612 1240 1649 ejuS,
1256 1610 1307 1648 qui
1324 1620 1341 1638 a
1356 1609 1448 1647 Lysia
1463 1607 1660 1638 defenditur
1651 1619 1682 1637 1n

971 1652 1111 1693 ἀπολογίᾳ
1125 1651 1280 1692 δωροδοκίας
1293 1653 1379 1681 Orat.
1387 1651 1486 1681 XXI.
1530 1652 1564 1679 Is
1575 1650 1682 1689 paucis

972 1706 1056 1725 8111115
1072 1706 1224 1725 enormen]
1242 1704 1387 1724 summam
1400 1704 1453 1723 val
1457 1694 1493 1722 ils
1508 1692 1682 1722 muneribus

973 1738 1123 1767 obeundis
1140 1737 1342 1776 impenderat,
1356 1740 1480 1771 tantam,
1497 1740 1529 1764 ut
1544 1744 1580 1764 ne
1593 1745 1683 1773 quar-

972 1785 1032 1810 tam
1059 1781 1181 1819 quidem
1204 1784 1320 1819 partem
1346 1779 1465 1817 legibus
1486 1789 1519 1807 se
1536 1777 1681 1808 debuisse

235 1580 275 1599 no
292 1568 419 1608 insignis
436 1569 560 1599 materia
584 1568 641 1598 fuit
662 1568 763 1598 laudis
780 1573 811 1598 et
834 1568 937 1607 gratiae

232 1613 315 1651 apud
341 1612 576 1647 multitudinem,
605 1612 630 1641 si
653 1612 721 1650 quis
754 1621 878 1641 munera
901 1611 938 1640 li-

234 1655 379 1684 beraliter
410 1662 441 1684 et
470 1655 630 1694 magnifice
661 1655 794 1690 fecerat3
833 1658 938 1683 eontra

233 1707 375 1737 maguum
396 1698 552 1735 probrum,
568 1697 593 1726 si
619 1696 685 1735 quis
710 1707 746 1726 ea
767 1696 938 1735 defugerat,

233 1748 287 1770 aut
312 1741 426 1769 fecerat
454 1740 587 1769 sordide.
646 1739 717 1768 Vid.
755 1739 857 1777 Lysiae
882 1740 936 1769 Or.

233 1783 308 1812 VII.
334 1793 366 1821 p.
383 1784 456 1814 285.
482 1783 611 1812 XVIII.
627 1792 657 1820 p.
675 1783 748 1811 603.
794 1782 867 1811 Isaei
884 1783 938 1811 Or.

233 1826 273 1855 de
289 1825 429 1864 Dicaeog.
444 1825 547 1854 bered.
560 1835 593 1863 p.
607 1826 677 1854 109.
691 1825 729 1853 de
754 1824 939 1853 Philoctem.

234 1868 339 1898 hered.
362 1878 394 1907 p.
423 1870 493 1898 154.
510 1867 671 1897 Demosth.
688 1867 718 1896 in
747 1867 894 1897 Cherson.
911 1867 937 1906 §.

237 1909 285 1949 ιγ’.
300 1915 330 1940 et
344 1910 458 1949 passim
470 1909 554 1939 alibi.

277 1951 371 1982 fVid.
396 1954 450 1982 Or.
479 1953 557 1982 Mid.
587 1952 608 1981 1.
624 1963 651 1981 c.
679 1956 710 1981 et
739 1952 763 1992 ᾗ.
791 1954 841 1983 93.
870 1962 937 1982 cum

235 1995 337 2025 Schol.
355 2001 385 2025 et
401 1997 456 2025 Or.
481 1995 552 2025 adv.
580 1994 701 2033 Polycl.
727 2005 780 2024 seu
806 1995 864 2034 περὶ
890 1996 939 2024 τοῦ

231 2037 525 2079 ἔπιτξιηροιρχήμοιτος
539 2048 568 2077 p.
587 2039 681 2068 1923.
697 2038 744 2067 ed.
759 2038 798 2067 R.
814 2038 852 2067 de
868 2038 939 2067 Cor.

234 2081 394 2111 trierarch.
409 2082 429 2110 1.
447 2092 475 2111 c.
487 2085 546 2110 etc.
589 2081 716 2109 Talento
733 2080 795 2109 fere
817 2080 938 2109 locaba-

233 2128 282 2153 tur
296 2124 470 2153 trierarchia
492 2123 523 2152 in
543 2133 664 2153 annum.
709 2123 798 2152 Unde
820 2123 938 2162 magni-

234 2167 309 2196 tudo
324 2166 457 2196 muneris
470 2164 614 2204 cognosci
625 2169 739 2203 potest.

276 2214 292 2237 g
309 2209 382 2238 Vid.
399 2209 545 2247 Xenoph.
564 2207 602 2236 de
619 2208 701 2245 Rep.
715 2207 827 2236 Athen.
843 2207 870 2236 Ῑ.
885 2208 937 2237 13.

235 2252 324 2290 Saepe
341 2251 436 2290 igitur
448 2251 532 2280 cives
546 2251 748 2289 querebantur
762 2249 938 2288 injudiciis,

232 2304 265 2323 se
280 2295 359 2323 bona
375 2303 429 2323 sua
443 2294 728 2331 καταλειτουργῆσ-οιι,
740 2294 938 2333 καταχορηγῆ-

232 2347 282 2365 σαι
305 2340 337 2366 et
352 2337 405 2366 rel.
421 2336 511 2365 Cous.
532 2336 647 2365 facetos
666 2345 772 2364 versus
792 2335 939 2373 Antipha-

234 2379 282 2409 nis
296 2389 344 2418 ap.
370 2379 480 2409 Athen.
506 2379 564 2407 llI.
594 2390 624 2417 p.
650 2379 720 2407 103.
738 2378 773 2407 F.
819 2378 881 2407 Sed
900 2388 937 2406 ne

232 2431 362 2461 quaeras,
376 2432 393 2451 a
408 2431 468 2460 quo
485 2431 578 2450 ceusu
594 2420 703 2458 aliquis
725 2419 755 2449 in
782 2431 936 2450 numerum

232 2467 288 2494 τῶν
303 2464 527 2503 λειτουργούντων
540 2468 683 2501 receptus
698 2462 749 2498 sit,
767 2467 798 2492 et
817 2463 939 2502 quinam

232 2507 293 2537 sint
315 2508 345 2536 in
370 2508 455 2537 Orat.
480 2507 505 2546 ξ.
522 2505 555 2545 ζ’.
582 2506 603 2535 οἱ
629 2504 744 2534 ἐλάττω
769 2508 824 2535 τῶν
846 2506 940 2535 ἱκανῶν

232 2548 411 2590 κεκτημένοις
446 2559 523 2578 unus
553 2549 612 2578 huc
637 2552 755 2586 spectat
781 2549 867 2577 locus
900 2558 938 2577 ex

234 2593 322 2622 Orat.
339 2593 408 2622 I.in
425 2592 546 2631 Aphob.
561 2602 592 2629 p.
612 2593 684 2621 833.
698 2591 747 2619 ed.
764 2592 802 2620 R.
848 2590 938 2620 Unde

235 2636 342 2665 saltem
383 2635 441 2664 hoc
486 2634 679 2673 intelligitur,
715 2643 775 2662 nou
823 2637 938 2662 temere

233 2687 417 2718 quenquam,
443 2678 531 2714 cujus
555 2687 664 2706 census
689 2686 749 2705 non
772 2676 939 2705 excederet

235 2731 381 2750 summam
413 2722 431 2749 Ξ
452 2720 610 2754 talentum,
635 2719 674 2748 ad
706 2728 829 2748 munera
850 2728 939 2756 ency-

234 2764 294 2793 clia
320 2774 374 2793 seu
405 2762 538 2792 solennia
567 2761 652 2800 adigi
682 2761 832 2801 potuisse.
891 2762 939 2790 De

236 2806 320 2835 hisce
336 2805 512 2835 muneribus
536 2805 609 2834 solis
635 2804 677 2834 ibi
699 2804 848 2843 capienda
865 2813 939 2839 vox,

232 2850 406 2887 λειτουργεῖν.

279 2890 292 2911 ¹¹
306 2893 383 2920 Nam
397 2900 485 2920 nemo
494 2890 553 2920 nisi
566 2889 651 2919 annis
663 2889 786 2919 alternis
803 2889 840 2919 ad
855 2888 940 2918 litur-

235 2932 315 2970 giam
330 2933 412 2971 adigi
428 2937 559 2973 poterat,
575 2932 606 2961 ἐκ
619 2932 706 2972 νόμων
721 2933 822 2962 ωοὶλοιι
837 2930 940 2971 κυρίων.

237 2975 307 3005 Vid.
321 2976 406 3006 Orat.
421 2975 442 3007 ὦ.
459 2975 490 3006 δ’.
508 2981 537 3006 et
553 2976 624 3006 lsaei
644 2977 754 3012 locum,
768 2975 938 3015 appositum

973 1824 1064 1852 dicat.
1102 1824 1129 1852 V
1133 1824 1216 1858 erba,
1231 1822 1311 1851 unde
1324 1824 1386 1861 jam
1402 1826 1470 1850 ante
1484 1820 1682 1860 profecimus,

972 1866 1040 1905 ipsa
1056 1866 1115 1895 huc
1134 1865 1360 1899 transscribam,
1376 1863 1489 1893 additis
1513 1862 1682 1893 rationibus

972 1909 1110 1949 pecuniae
1135 1914 1257 1938 nostrae.
1301 1906 1371 1945 Εγὼ
1389 1909 1454 1946 γάξ,
1469 1906 1580 1944 inquit,
1597 1904 1681 1935 ἐδοκι-

971 1951 1093 1989 μίισ-θην
1105 1950 1158 1990 μὲν
1171 1949 1219 1979 ἐπὶ
1233 1949 1406 1989 Θεοπόμπου
1429 1950 1571 1989 ἄρχοντος,
1586 1959 1682 1978 κοιτα-

972 1995 1048 2027 στὰς
1070 1992 1098 2023 δὲ
1120 1992 1235 2034 χοξηγός
1257 1992 1419 2032 τξαγῳδοῖς,
1444 1992 1575 2021 ἀνήλωσα
1601 1992 1680 2030 τξιίι-

971 2046 1056 2066 κοντα
1085 2038 1169 2074 μνᾶς·
1193 2037 1272 2076 (637
1296 2034 1446 2073 imperial.
1473 2037 1512 2064 12
1539 2044 1592 2072 gr.
1607 2043 1681 2063 con-

973 2084 1053 2108 vent.
1056 2078 1127 2118 )καῖ
1144 2077 1230 2118 τρίτῳ
1245 2078 1312 2117 μηνὶ
1328 2074 1490 2115 Θαξγηλίοις
1506 2087 1619 2110 vinno-124·
1634 2077 1680 2105 ἀν-

971 2121 1055 2160 Semi
1072 2122 1156 2161 χορᾷῖ,
1173 2120 1311 2160 διςχιλίοις
1333 2119 1479 2158 δξοιχμίις·
1494 2118 1571 2158 (425
1587 2117 1682 2158 imp.)

971 2162 1017 2193 ἐπὶ
1036 2162 1063 2192 δὲ
1081 2161 1264 2192 Γλαυκίππου
1279 2162 1422 2201 ἂξχοντος,
1439 2161 1476 2193 εἷς
1492 2160 1683 2201 πυρῤιχιστιὶς

971 2204 1162 2238 Παναθηναίοις
1178 2206 1236 2238 τοῖς
1251 2205 1389 2244 μεγάλοις
1404 2202 1582 2237 ὀκτακοσίας·
1598 2202 1680 2243 (170

971 2248 1045 2287 imp.
1047 2248 1087 2287 )’'
1076 2260 1118 2277 ετι
1136 2246 1159 2276 δ’
1170 2247 1281 2287 ἀνδράσι
1297 2247 1420 2287 χοξηγῶν
1435 2245 1472 2279 εἷς
1485 2245 1615 2275 Διονύσιοι
1630 2244 1680 2275 ἔπι

971 2292 1020 2319 τοῦ
1038 2291 1123 2320 αὐτοῦ
1139 2290 1271 2331 ἄρχοντος
1285 2288 1407 2322 ἐνίκησα,
1421 2288 1469 2317 aaz
1486 2288 1617 2318 ἀνηλωσοι
1630 2288 1682 2317 σὺν

971 2333 1010 2374 ‘tf
1024 2345 1072 2362 του
1088 2331 1214 2373 τρίποδος
1228 2330 1353 2361 ἀναθέσει
1369 2329 1601 2372 πεντακιςχιλίοις
1616 2330 1679 2369 δρα,-

970 2377 1067 2416 χμάς
1084 2376 1184 2416 (1002
1178 2381 1185 2396 ²
1202 2376 1278 2414 imp.
1293 2377 1333 2403 12
1347 2373 1409 2414 gr.)
1430 2373 1477 2402 καὶ
1497 2373 1553 2402 ἐντι-τὶ
1565 2371 1682 2403 Διοκλέ-

972 2430 1014 2452 ους
1039 2417 1230 2451 Παναθηναίοις
1258 2419 1317 2450 τοῖς
1343 2427 1452 2455 μικξοις
1479 2413 1583 2454 κυκλίῳ
1605 2415 1681 2456 χορῷ

972 2461 1143 2501 τξιακοσίοις.
1156 2460 1236 2501 (63“
1229 2471 1302 2499 imp.
1315 2462 1353 2489 18
1367 2469 1412 2498 gr.
1405 2460 1428 2497 .)
1456 2458 1508 2488 Τον
1522 2457 1550 2488 δὲ
1563 2458 1680 2496 μεταξὺ

971 2503 1060 2544 χρόνον
1076 2503 1263 2544 ἐτςιηράρχουν
1279 2502 1358 2532 {wi-2
1371 2501 1432 2536 ἔτη,
1443 2513 1490 2530 και
1505 2499 1535 2539 ἓξ
1547 2501 1680 2530 τάλαντα.

972 2547 1113 2576 ἀνήλαο-α.
1124 2551 1157 2587 (7
1163 2547 1310 2584 6501111Ρ.
1304 2544 1387 2582 )Κοιι
1395 2554 1540 2575 ὀσοιυτοις
1553 2543 1681 2576 δαπάνας

972 2589 1176 2628 δαπανώμενος,
1193 2588 1240 2616 καὶ
1256 2586 1320 2616 κοιΘ
1333 2586 1435 2626 ἡμέραν
1450 2585 1518 2624 ὑπὲξ
1533 2586 1609 2624 ὑμῶν
1624 2596 1682 2614 κιν-

973 2631 1043 2661 δυνε
1018 2643 1079 2661 τυων
1093 2633 1141 2660 καὶ
1156 2630 1317 2669 ἀποδημῶν,
1333 2630 1410 2668 ομως
1424 2628 1552 2667 εἲςφοροῖν,
1566 2629 1614 2657 τῆν
1625 2626 1680 2666 μὲν

972 2676 1122 2713 τξιάκοντοι
1143 2670 1556 2725 μνᾶς-,(6371111Ρ.1“).ἓ1·.)
1578 2671 1627 2700 τὴν
1650 2669 1679 2699 δὲ

972 2727 1100 2757 τετρακι
1091 2715 1202 2757 χιλίας
1225 2716 1361 2755 δραχμὰς
1386 2713 1487 2754 (859”
1480 2723 1554 2765 1111Ρ.
1557 2712 1572 2750 )
1588 2712 1680 2744 εἴςενή-

972 2770 1052 2799 νοχα
1080 2758 1189 2789 Ἐπειδὴ
1212 2757 1239 2788 δὲ
1264 2756 1452 2787 κατέπλευσα
1482 2754 1529 2785 ἐπὶ
1555 2753 1680 2792 Ἀλεξίου

973 2802 1115 2842 ἄρχοντος,
1142 2801 1226 2834 εὐθυς
1248 2799 1491 2838 ἐγυμνασιάρχουν
1516 2798 1552 2830 εἷς
1569 2797 1680 2838 Προμή-

973 2842 1042 2879 θεια,
1058 2844 1105 2872 καὶ
1120 2842 1215 2877 ενίκων,
1227 2843 1375 2874 aiva-Mune:
1391 2841 1492 2870 δωδεκα
1508 2842 1590 2879 μνᾶς.
1599 2840 1677 2881 (⁰205

972 2887 1044 2926 imp.
1050 2886 1063 2926 )
1106 2886 1157 2915 Και
1175 2885 1284 2924 ὕστεξον
1299 2883 1442 2914 κατέστην
1455 2882 1571 2924 χοξηγός
1586 2882 1680 2912 παιδι-

972 2929 1014 2968 ›eq-'5
1027 2929 1110 2970 χορῷ,
1126 2928 1174 2958 καὶ
1196 2928 1326 2957 ἀνηλωσιι
1348 2926 1431 2956 πλέον
1453 2926 1467 2956 ἢ
1483 2923 1681 2955 πεντεκαίδεκα.

972 2975 1055 3012 μνᾶς·
1067 2974 1144 3012 (518
1160 2971 1234 3010 imp.
1252 2973 1288 3001 18
1297 2980 1342 3008 gr
1346 2967 1381 3010 )’
1372 2969 1418 2999 επὶ
1437 2968 1464 2998 δὲ
1473 2966 1648 2998 Ευκλείδου”
1631 2978 1680 3006 αξ-
