1928 3284
249 218 363 276 368
683 233 841 277 FRID.
877 234 1016 276 AUG.
1049 234 1266 277 WOLFII

257 341 344 393 quis
364 341 503 393 dignus
522 342 682 392 praemio
703 342 765 390 sit,
786 341 942 392 publice
965 355 1076 380 secus
1099 341 1371 392 judicandum,
1391 353 1505 391 quam
1530 342 1710 391 privatim

256 403 295 441 in
315 403 510 441 communi
529 403 610 442 vita
631 404 742 442 solet.
800 403 840 440 Si
860 402 948 453 quis
969 404 1069 441 enim
1091 403 1246 442 Civitati
1274 416 1341 440 sua
1362 415 1480 452 opera
1507 403 1710 442 utilitatem

253 465 314 502 vel
334 465 497 502 salutem
518 465 660 512 attulit,
682 466 730 502 sit
751 464 811 501 ille
840 463 1038 514 ignobilis,
1063 464 1112 502 sit
1138 470 1266 502 cetera
1295 464 1470 508 vitiosus,
1493 469 1619 501 tamen
1646 477 1713 513 pu-

255 526 356 564 blice
384 526 459 576 ipsi
494 527 616 564 honor
638 532 677 564 et
711 525 968 563 remuneratio
995 525 1170 563 debetur.
1230 525 1350 563 Facto
1379 524 1547 562 hominis
1567 537 1713 562 merces

255 588 443 635 redditur,
471 601 547 625 non
567 588 669 634 vitae,
689 600 765 624 non
794 586 983 625 moribus.
1041 587 1238 625 Praeterea
1266 600 1336 636 per
1364 600 1403 624 se
1431 587 1616 637 injustum
1641 592 1713 633 est,

253 655 411 700 propter
430 650 549 687 malos
570 648 759 698 quosdam
795 654 862 686 aut
892 647 1086 698 indignos,
1116 648 1350 697 quibuscum
1372 647 1524 696 judicio
1545 647 1712 698 experiri

254 711 360 757 licet,
382 712 542 761 praemia
562 710 740 747 omnibus
760 709 925 756 auferre,
946 715 986 747 et
1013 709 1058 746 iis
1088 721 1261 759 quoque,
1290 722 1387 758 quos
1413 709 1517 746 omni
1539 723 1585 747 ex
1603 715 1711 759 parte

257 772 500 822 dignissimos
520 785 604 810 esse
624 784 738 809 nemo
758 771 918 821 negarit.
974 771 1089 808 Tales
1118 776 1247 808 autem
1268 770 1368 808 inter
1388 783 1469 815 eOS,
1492 771 1559 819 qui
1578 771 1712 807 immu-

253 834 373 871 nitate
387 847 410 871 a
430 834 590 884 Leptine
611 833 854 879 fraudantur,
875 833 1006 883 plures
1029 837 1131 878 sunt,
1155 845 1224 870 seu
1247 831 1336 869 olim
1357 831 1406 869 de
1427 832 1597 882 Republ.
1616 844 1713 881 prae-

256 895 359 933 clare
374 895 514 942 meriti,
532 908 597 933 seu
619 895 734 933 etlam
755 907 859 932 nunc
880 899 1083 933 merentes.
1141 894 1241 931 Nam
1263 893 1370 943 quod
1391 893 1568 931 nonnulli
1584 906 1631 930 ex
1647 906 1714 930 nu-

255 970 361 995 mero
382 958 533 995 illorum
544 957 626 1006 jam
649 971 725 995 non
742 957 888 1004 vivunt,
910 956 1005 994 nihil
1022 956 1062 994 id
1080 962 1250 994 nostram
1271 955 1388 994 fidem
1404 961 1552 993 mutare
1568 961 1712 1005 potest.

253 1019 405 1058 Vivunt
422 1033 555 1057 eorum
573 1019 682 1056 liberi
697 1025 762 1056 aut
779 1018 936 1068 posteri,
954 1018 1096 1068 quibus
1115 1030 1203 1067 quae
1218 1030 1240 1054 a
1260 1018 1371 1055 nobis
1392 1017 1534 1066 injuria
1553 1016 1715 1067 imponi-

254 1089 329 1129 tur,
358 1095 402 1120 ea
422 1095 497 1119 non
518 1081 567 1119 ad
599 1081 669 1118 hos
700 1081 836 1127 minus,
859 1093 974 1130 quam
996 1080 1045 1117 ad
1076 1080 1181 1130 ipsos
1201 1086 1394 1129 parentes,
1425 1079 1623 1129 pervenire
1643 1091 1713 1128 pu-

252 1144 371 1182 tanda
390 1151 459 1181 est.
516 1144 576 1180 Ita
596 1143 669 1180 ista
691 1143 773 1193 lege
795 1142 936 1191 injuria
956 1141 1177 1179 afficiuntur
1195 1141 1265 1178 viri
1292 1154 1440 1178 summa
1466 1140 1585 1190 gloria
1605 1140 1714 1177 meri-

253 1211 380 1244 torum
396 1205 536 1251 clari,a
554 1204 698 1254 quibus
720 1203 940 1241 restitutum
959 1209 997 1240 et
1011 1209 1169 1240 auctum
1189 1202 1390 1253 insigniter
1410 1202 1484 1239 hoc
1506 1201 1710 1251 imperium

254 1272 339 1304 est:
374 1267 411 1303 in
437 1266 498 1303 his
520 1266 672 1309 Conon,
694 1264 796 1301 haud
819 1264 943 1301 minor
969 1264 1055 1314 ipso
1073 1263 1351 1307 Themistocle,
1373 1270 1412 1300 et
1431 1262 1634 1308 Chabrias,
1655 1267 1714 1300 tot

256 1335 494 1378 tropaeorum
515 1327 562 1364 de
596 1326 773 1363 hostibus
803 1325 943 1363 nostris
973 1331 1121 1369 auctor,
1141 1325 1221 1362 dux
1241 1323 1498 1369 felicissimus,
1520 1329 1559 1361 et
1578 1324 1710 1361 alienae

252 1390 342 1429 vitae
381 1391 418 1427 in
454 1389 635 1440 periculis
666 1387 867 1438 providus,
903 1387 1005 1424 idem
1041 1398 1119 1423 suae
1153 1385 1340 1435 prodigus
1370 1384 1553 1434 gloriose.
1608 1385 1711 1421 Tum

253 1452 369 1489 etiam
390 1464 466 1488 non
486 1451 640 1496 desunt,
660 1450 802 1500 quibus
822 1462 945 1500 nuper
963 1449 1119 1486 demum
1140 1447 1362 1486 immunitas
1377 1448 1498 1499 coepit
1513 1448 1713 1486 fructuosa

254 1511 352 1559 fieri,
374 1512 532 1562 quando
553 1512 710 1558 donum,
732 1510 908 1561 patribus
929 1510 1019 1547 olim
1050 1510 1205 1547 honoris
1226 1522 1318 1559 ergo
1338 1509 1485 1555 datum,
1507 1516 1610 1547 sorte
1630 1523 1712 1547 mu-

253 1580 348 1621 tata,
369 1574 416 1612 ad
439 1574 554 1611 vitam
585 1572 825 1610 tolerandam
846 1571 992 1609 factum
1019 1576 1078 1608 est
1106 1571 1378 1609 necessarium.
1435 1571 1618 1620 Denique
1638 1577 1710 1619 est,

254 1636 321 1685 qui
342 1635 435 1673 vivit
462 1635 604 1681 adhuc,
631 1641 669 1671 et
696 1646 818 1683 prope
846 1633 953 1670 videt
974 1646 1032 1679 ea,
1064 1646 1151 1682 quae
1179 1633 1338 1683 agimus,
1367 1633 1513 1679 Leuco,
1545 1633 1713 1683 Bospori

253 1709 335 1741 rex,
354 1696 466 1747 cujus
485 1695 523 1732 in
544 1694 747 1744 Rempubl.
770 1699 938 1731 nostram
962 1693 1126 1731 maxima
1145 1693 1279 1731 merita
1294 1699 1446 1732 exstant
1462 1699 1502 1731 et
1522 1699 1713 1744 augentur

251 1758 290 1795 in
311 1757 405 1795 dies.
463 1756 583 1803 Quid,
605 1756 635 1793 si
656 1756 731 1802 ille,
752 1768 871 1805 quum
899 1754 1062 1792 fractam
1085 1768 1108 1793 a
1135 1754 1248 1793 nobis
1280 1754 1398 1793 fidem
1420 1754 1600 1802 audierit,
1627 1756 1712 1806 ipse

256 1832 362 1858 suam
380 1831 537 1869 quoque
555 1818 715 1856 liberam
737 1817 919 1868 putabit?
948 1816 1068 1863 Quid,
1084 1817 1114 1854 si
1137 1816 1429 1864 immunitatem,
1451 1817 1482 1854 si
1502 1816 1591 1864 alia,
1612 1830 1710 1867 quo-

252 1895 336 1920 rum
357 1895 449 1919 usus
470 1880 581 1918 nobis
601 1879 842 1917 necessarius
863 1884 934 1925 est,
955 1878 1156 1917 revocabit
1168 1877 1212 1917 '3³’

308 1948 331 1964 “
353 1943 527 1994 Populus
549 1941 665 1991 hujus
685 1941 778 1979 doni
808 1941 1004 1979 tribuendi
1024 1940 1093 1990 jus
1113 1940 1186 1978 sibi
1212 1940 1447 1979 interdicere
1468 1941 1574 1979 nullo
1594 1946 1712 1992 pacto

252 2010 397 2055 potest,
419 2005 489 2042 nisi
510 2003 610 2041 forte
642 2003 753 2041 simul
778 2003 852 2041 alia
874 2002 1016 2049 omnia,
1044 2015 1209 2052 quorum
1231 2008 1467 2053 potestatem
1487 2002 1618 2049 habet,
1639 2004 1712 2041 sibi

251 2072 383 2116 erepta
417 2067 511 2103 vult.
573 2065 675 2102 Nam
710 2077 779 2114 per
810 2064 971 2102 eandem
1007 2063 1191 2114 speciem,
1223 2077 1302 2114 qua
1322 2064 1504 2114 Leptines
1534 2065 1582 2103 ad
1614 2065 1710 2103 illud

252 2128 383 2173 utitur,
404 2127 508 2164 nulla
528 2126 709 2175 Reipubl.
730 2139 820 2176 pars
841 2132 912 2172 est,
934 2138 1023 2175 quae
1046 2138 1123 2163 non
1143 2126 1294 2175 Populo
1322 2126 1447 2175 prima
1468 2138 1624 2176 quaque
1646 2127 1710 2164 die

251 2188 350 2238 eripi
367 2188 490 2237 possit
510 2200 597 2225 cnm
620 2200 767 2224 summo
788 2187 1025 2224 detrimento
1045 2187 1273 2224 libe1·tatis.’'

310 2254 333 2270 “
358 2249 466 2286 Nihil
482 2248 647 2286 efficitur
667 2248 852 2298 exemplis
873 2248 1032 2285 aliarum
1053 2248 1276 2293 Civitatum,
1296 2247 1438 2285 nedum
1452 2249 1598 2296 talium,
1615 2261 1711 2299 qua-

255 2325 337 2351 rum
354 2312 530 2349 instituta
547 2324 570 2348 a
591 2311 770 2348 libertate
785 2311 1010 2348 abhorrent.
1066 2311 1152 2348 Nec
1173 2311 1261 2360 plus
1276 2310 1377 2347 valet
1396 2310 1568 2360 ipsorum
1589 2312 1714 2361 majo-

254 2387 339 2412 rum
355 2379 573 2411 nostrorum
589 2372 845 2411 consuetudo.
902 2373 1002 2409 Nam
1024 2384 1142 2422 quum
1158 2385 1224 2409 eos
1244 2372 1336 2409 satis
1356 2377 1514 2410 constet
1528 2372 1711 2410 adversus

254 2448 410 2474 suorum
438 2433 574 2472 merita
593 2447 669 2471 non
691 2433 862 2484 ingratos
882 2433 1011 2479 fuisse,
1043 2434 1074 2471 si
1095 2434 1182 2480 alia,
1203 2446 1249 2471 ac
1270 2446 1354 2480 nos,
1380 2433 1411 2470 si
1432 2433 1544 2470 etiam
1564 2434 1709 2472 minora

254 2497 458 2542 dederunt,
473 2495 650 2533 fecerunt
670 2495 723 2532 illi
740 2508 787 2532 ex
806 2508 863 2541 ea,
886 2508 974 2544 quae
997 2501 1077 2532 tum
1098 2500 1193 2540 erat,
1221 2494 1484 2532 institutorum
1505 2501 1544 2533 et
1561 2508 1710 2533 morum

254 2559 430 2603 ratione;
464 2569 593 2607 neque
622 2558 779 2595 omnino
800 2570 930 2594 verum
960 2562 1032 2603 est,
1053 2557 1147 2594 nihil
1178 2557 1265 2594 illos
1294 2556 1366 2594 nisi
1393 2569 1513 2607 parva
1541 2556 1710 2596 dedisse.

255 2621 386 2658 Unum
415 2632 547 2657 eorum
584 2619 658 2656 hoc
687 2624 745 2656 est
775 2617 932 2669 dignum
967 2618 1179 2656 imitatione
1209 2624 1353 2664 nostra,
1384 2618 1491 2667 quod
1523 2617 1709 2657 honorem

252 2683 402 2720 nullum
421 2686 668 2728 revocarunt,
691 2693 804 2731 quem
826 2680 944 2718 semel
963 2680 1187 2718 dederant.''

308 2747 332 2765 “
353 2743 473 2788 Quod
502 2742 683 2792 Leptines
713 2741 912 2792 praemium
940 2741 1191 2779 immunitatis
1222 2747 1337 2779 tenue
1368 2740 1465 2778 dicit
1493 2754 1590 2789 esse,
1619 2755 1708 2781 vere

254 2805 365 2843 dicit.
423 2804 676 2854 Perexiguum
710 2804 895 2854 quiddam
927 2809 985 2840 est
1022 2803 1269 2847 immunitas;
1307 2802 1374 2839 sed
1412 2808 1573 2853 propter
1609 2804 1708 2842 hanc

254 2868 380 2916 ipsam
400 2877 575 2902 caussam
605 2865 826 2903 revocanda
857 2877 933 2902 non
959 2874 1028 2902 est.
1086 2864 1282 2901 Praeterea
1311 2863 1418 2913 quod
1439 2864 1620 2910 obvertit,
1649 2878 1710 2903 ee-

255 2933 337 2964 tera
357 2927 517 2977 praemia
545 2939 568 2964 a
597 2939 637 2964 se
659 2926 838 2976 relinqui,
859 2939 976 2963 unum
997 2925 1099 2963 tolli:
1131 2925 1294 2976 primum
1315 2925 1408 2962 nihil
1430 2924 1467 2963 id
1493 2925 1608 2975 juvat
1626 2939 1707 2972 eos,

256 2988 323 3038 qui
344 2988 441 3026 forte
463 2988 537 3026 hoc
568 3002 644 3027 uno
675 2988 805 3027 affecti
825 2994 925 3026 sunt.
983 2987 1136 3025 Deinde
1164 2999 1241 3025 nou
1260 2986 1382 3025 minus
1402 2987 1593 3026 laborabit
1609 2987 1706 3026 fides
