1928 3284
215 219 323 270 518

616 224 1261 268 ΔΗΜΟΣΘΕΝΟΥΣ

220 337 370 407 domja,
398 336 477 389 καὶ
512 348 603 397 τοῖς
628 339 749 397 θεοῖς
781 336 1005 404 εὔχεο-θαι
1041 336 1215 400 διδόναι,
1242 335 1398 390 πάντα
1424 333 1468 387 ὃ
1495 335 1665 428 ἅνθρω-

219 437 328 464 πινικ
355 412 589 478 ἡγεῖσθαι.
668 410 781 464 Ου’ὃε
808 412 974 486 «γοὶροῖν

955 410 1348 482 νΛακεὲοειμονιοι
1377 433 1499 462 ποτε
1527 408 1667 470 ἤλπι-

220 510 305 538 O‘oell
333 510 391 545 Εἰς
424 511 617 538 TOtoeUTcz
642 510 914 560 Ἧξαγματα
939 510 970 536 α
976 484 1212 551 spcgeffssoet'
1246 483 1345 537 Ουὲἕ
1363 508 1416 550 ’γε
1446 507 1548 542 ισως
1582 493 1664 535 Συ·

217 560 454 635 ξακούσιοι,
483 560 499 587 ¹

840 704 847 722 ¹
858 702 993 732 τοωάλαι
1008 703 1045 731 Τ.
1062 703 1096 731 R.

219 806 287 825 sere
304 794 429 825 vexavit
443 793 588 833 singulari
597 793 773 833 scriptione,
787 794 928 824 Solonem

219 846 248 868 et
259 838 392 876 reliquos
408 837 526 876 priscos
544 837 697 876 sapientes
709 847 748 866 ex
763 838 927 867 nostrisin-

221 881 481 920 geniisjudicans.
526 880 562 909 F.
579 881 617 910 A.
634 880 754 911 Womr.

262 923 330 953 Οὐδὲ
354 925 407 963 γὰρ
429 923 460 952 ἂν
485 922 693 963 Λακεδαιμόνιοί
714 934 784 953 ποτε
804 922 928 953 ἤλπισαν

220 966 257 999 εἶς
277 967 397 996 τοιαῦτα
421 967 586 1006 πςάγματα
607 964 772 1006 ἀφίξεσθαι]
798 966 926 995 Omnino

220 1008 343 1047 ἐλπίζειν
361 1013 407 1039 est
422 1013 592 1048 exspectare,
609 1010 688 1038 unde
705 1009 854 1039 interdum
878 1019 927 1038 oc·

220 1052 316 1081 currit
332 1063 421 1082 sensu
437 1052 568 1086 timendi,
590 1062 657 1090 quae
680 1056 779 1081 tamen
803 1053 928 1090 propria

221 1095 268 1125 vis
286 1095 371 1124 verbi
384 1105 441 1124 uon
459 1098 516 1123 est.
562 1094 598 1123 In
616 1095 693 1123 hunc
709 1095 831 1124 modum
848 1095 926 1124 acci-

219 1137 295 1177 pies,
308 1148 375 1176 quae
390 1138 548 1167 traduntur
564 1138 601 1165 ab
614 1138 717 1176 Intpp.
731 1138 769 1166 ad
783 1137 927 1167 Thomam

221 1182 266 1210 M.
282 1191 313 1219 p.
328 1183 400 1212 299.
425 1180 470 1215 Εἲς
478 1181 609 1215 τοιαῦτα,
622 1181 652 1209 in
664 1179 927 1221 talem-fortunam,

221 1224 288 1253 scil.
303 1234 428 1262 quacum
446 1233 526 1252 nunc
547 1222 766 1263 conflictantur.
782 1224 929 1253 Similiter

220 1266 291 1296 alibi
308 1265 406 1295 ἐκεῖνα.
451 1266 537 1295 Conf.
554 1267 592 1295 ad
605 1265 630 1304 ᾗ.
646 1266 685 1295 aaz.
732 1267 833 1296 IDEM.

264 1308 334 1338 Οὗδέ
360 1319 392 1346 γε
418 1309 485 1342 ἴσως
508 1307 698 1348 {viduvio-coz]
730 1309 780 1339 Sc.
806 1308 930 1339 ἤλπισαν

219 1350 486 1392 τυξαννηθήσεσθαι.
531 1353 579 1381 De
595 1351 753 1390 Dionysiis
773 1352 836 1382 vid.
854 1352 928 1381 Diu-

219 1397 328 1425 dorum
346 1395 398 1424 lib.
416 1395 518 1424 XIII.
534 1400 565 1424 et
580 1395 673 1424 XIV.
718 1395 843 1424 Wom.

264 1437 333 1467 Οὐδέ
349 1448 381 1475 γε
397 1437 464 1472 ἴσως
481 1437 664 1477 Συρακούσιοι,
681 1436 714 1465 τὸ
731 1438 824 1468 πάλαι
844 1437 929 1476 δημο-

219 1480 414 1521 κρατούμενοι]
424 1481 544 1519 Nempe
555 1490 611 1520 per
623 1482 664 1510 60
674 1480 739 1510 fere
747 1480 928 1516 annos‚iude

220 1525 256 1553 ab
267 1524 392 1563 Olymp.
403 1525 572 1562 78‚3.,quo
581 1533 656 1553 anno
667 1524 869 1562 antiquiorum
883 1528 930 1562 ty-

219 1577 377 1596 rannorum
389 1567 523 1601 ultimus,
533 1567 751 1604 Thrasybulus,
762 1576 854 1605 regno
867 1567 930 1604 pri-

223 1614 310 1639 vatus
331 1616 388 1639 est.
409 1610 486 1639 Nam
503 1608 587 1647 prior
600 1608 778 1646 Dionysius,
799 1608 849 1647 qui
868 1613 928 1637 sta-

219 1652 272 1681 tim
292 1657 485 1686 memoratur,
496 1651 610 1689 potitus
625 1662 720 1690 regno
740 1656 787 1681 est
804 1651 928 1689 Olymp.

222 1697 272 1729 93,
288 1698 319 1724 4.
345 1695 415 1723 vid.
429 1695 558 1723 Diodor.
573 1694 634 1723 XI.
652 1696 703 1723 68.
716 1699 745 1722 et
761 1694 861 1723 XIII.
878 1695 929 1724 96.

221 1739 363 1776 Reliqua,
378 1738 415 1766 de
429 1737 555 1775 imperio
571 1737 827 1775 Syracusanorum
843 1736 929 1765 latis-

222 1781 297 1810 sime
310 1784 442 1819 patente,
459 1781 488 1808 in
506 1780 616 1815 vulgus
640 1784 710 1808 nota
727 1784 809 1808 sunt.
855 1781 931 1809 Car-

222 1824 427 1862 thaginienses
444 1823 506 1851 illis
523 1822 653 1861 subjecti
672 1831 741 1861 post
758 1822 875 1852 cladem
892 1823 930 1851 ad

222 1866 515 1905 Hime·a1nOl)·.mp
523 1865 930 1900 75,1.vid.Diodor.X1.

222 1912 274 1939 20.
287 1920 373 1948 seqq.
394 1909 506 1939 Jusxin.
524 1909 576 1937 [V.
596 1910 625 1938 2.
641 1913 671 1938 et
686 1909 724 1937 de
736 1909 823 1937 clade
836 1908 931 1938 Athe-

222 1953 372 1981 niensium
395 1951 536 1990 superius
558 1956 660 1980 notata
683 1951 719 1980 ad
744 1951 822 1990 §.1ss
870 1951 930 1980 Sed

223 1995 335 2025 ultimis
352 1995 469 2032 periodi
484 1994 627 2033 longius
620 1995 770 2023 immorari
783 1993 931 2033 cogimur.

224 2038 361 2067 Primum
379 2038 500 2076 quidem
521 2037 578 2066 hoc
595 2037 644 2065 alii
663 2047 783 2076 quoque
800 2037 930 2076 scripto

221 2091 270 2110 res
279 2079 930 2118 testantur,Dionysium,patrein,extremo

222 2124 292 2153 loco
309 2129 408 2152 natum
425 2123 532 2157 fuisse,
548 2127 590 2158 et,
607 2123 784 2162 priusquam
798 2123 931 2162 tyranni—

223 2167 292 2196 dem
308 2167 476 2205 occuparit,
489 2165 602 2195 nullius
619 2166 699 2204 apud
713 2176 784 2195 suos
800 2165 931 2195 auctori-

223 2210 306 2238 tatis.
353 2209 521 2245 Diodorus,
539 2208 768 2246 haudquaquam
787 2219 932 2247 spernen-

224 2253 282 2281 dus
310 2257 415 2281 auctor
441 2251 472 2280 iu
493 2251 585 2280 rebus
609 2251 734 2286 Siculis,
758 2251 858 2281 XIII.
880 2253 931 2282 96.

224 2305 293 2325 eum
309 2293 491 2335 γραμματέα
506 2294 554 2322 καὶ
566 2293 612 2323 τᾶν
623 2293 750 2335 τυχόντα
762 2293 868 2325 ἰδιώτην
879 2304 933 2323 vo-

225 2343 286 2373 cat,
307 2343 337 2366 et
363 2338 413 2376 qui
435 2337 647 2375 Wesselingio
671 2337 707 2366 ad
726 2337 791 2366 h.1.
810 2338 932 2372 citatur,

227 2381 386 2419 l'olj‘aenus
401 2380 440 2410 V.
459 2383 487 2410 2.
504 2381 533 2409 2.
558 2380 745 2420 ὑπηρετοῦντα
767 2379 814 2408 καὶ
836 2391 932 2421 γραμ-

223 2423 386 2463 ματεύοντιι
398 2424 456 2457 τοῖς
471 2424 651 2463 στρατηγοῖς.
694 2423 712 2453 J
716 2433 761 2452 am
776 2423 808 2452 id
824 2433 933 2452 munus

225 2464 435 2506 γξαμματὲως,
445 2477 482 2496 ex
497 2466 601 2495 multis
618 2466 693 2495 locis
709 2467 871 2495 Oratorum
884 2476 933 2506 pa-

227 2515 281 2544 tet,
309 2508 440 2538 Athenis
465 2519 571 2548 parum
602 2508 799 2538 honorificum
826 2509 932 2538 fuisse.

229 2554 298 2582 Non
317 2552 374 2581 fuit
397 2552 472 2581 illud
495 2551 615 2590 quidem
641 2552 669 2580 in
693 2551 814 2580 Graeeia
831 2561 885 2590 per
901 2562 934 2580 se

227 2595 415 2624 inhonestum
429 2598 687 2628 autcontemtum‚
703 2595 717 2624 ὗ
727 2591 880 2632 'nupto-la
893 2599 934 2623 ta-

226 2648 305 2672 men,
326 2647 384 2667 nou
405 2638 504 2679 ἀρχῆ,
528 2637 618 2676 plane
634 2641 668 2666 ut
684 2638 765 2676 apud
782 2637 936 2666 Romanos

227 2681 324 2711 scribae
340 2680 491 2710 interdum
508 2680 598 2710 etiam
615 2690 684 2709 cum
705 2679 864 2709 lictoribus
881 2690 936 2708 nu-

228 2728 380 2753 merantur
402 2723 482 2753 inter
500 2723 679 2762 apparitores
698 2724 935 2763 magistratuum,

227 2766 328 2806 iisque
343 2767 535 2795 ministeriam
547 2765 702 2800 tribuitur,
717 2775 865 2804 nunquam
876 2775 936 2794 ma-

227 2810 381 2849 gistratus.
426 2810 605 2848 Quanquam
626 2809 656 2838 in
674 2808 789 2838 Graecis
805 2807 936 2838 civitati-

231 2853 286 2881 bus
314 2852 420 2891 paullo
445 2851 691 2882 honorificentior
717 2861 752 2881 ea
780 2851 938 2890 provincia

231 2894 345 2930 habita,
363 2895 478 2933 quippe
503 2899 534 2924 et.
553 2894 750 2932 ingenuorum
771 2893 937 2929 hominum,

230 2941 261 2965 et
277 2948 333 2966 non
345 2937 540 2972 mercenaria,
553 2943 583 2966 ut
599 2941 683 2976 puto.
706 2937 797 2966 Cous.
809 2937 938 2975 Nepotis

233 2980 357 3009 Eumeu.
376 2992 403 3011 u.
422 2983 450 3010 1.
495 2981 532 3010 At
559 2980 683 3009 verbum
709 2985 818 3015 tamen,
843 2980 937 3020 ἐπηρε-

517 585 567 612 το
598 562 749 612 πάλαι
771 558 1178 635 ὃημοκρατσυμενοι,
1201 583 1279 610 και
1306 578 1449 634 <copone
1475 568 1665 632 Καρχη-

962 795 1029 829 τεῖν,
1045 795 1168 824 solenne
1185 794 1297 834 ubique
1307 796 1346 824 de
1356 794 1479 830 scribis,
1493 794 1667 834 passimque

962 839 1155 876 conjunctum
1172 848 1239 867 cum
1252 838 1467 878 γςαμματεύειν
1478 842 1508 866 et
1520 838 1669 877 ὑπογςαμ-

961 880 1106 919 ματεύειν,
1127 880 1171 910 uti
1191 891 1238 919 ap.
1258 881 1416 910 Demosth.
1431 881 1469 909 de
1486 880 1555 909 Cor.
1573 880 1598 919 ς’.
1614 882 1667 910 79.

961 924 1041 953 med.
1055 928 1085 952 et
1099 923 1183 953 alibi.
1207 925 1308 962 Atque
1324 924 1381 952 hoc
1397 933 1454 952 non
1471 922 1558 952 aliter
1572 923 1668 952 fuisse

962 965 1134 1004 Syracusis,
1157 967 1344 1005 eundemque
1367 966 1410 994 ibi
1431 966 1545 995 scribas
1569 965 1669 994 locum

962 1009 1108 1044 tenuisse,
1127 1019 1182 1048 pro
1206 1014 1290 1038 certo
1308 1009 1376 1048 poni
1395 1013 1506 1048 potest,
1521 1008 1667 1046 quidquid

962 1052 1142 1090 obloquatur
1161 1052 1321 1090 Ulpianus,
1337 1062 1425 1090 quem
1441 1056 1524 1080 rec-te
1539 1051 1670 1080 refutant

962 1095 1121 1133 Spanhem.
1132 1095 1170 1123 de
1180 1095 1217 1124 U.
1232 1101 1260 1123 et
1276 1095 1310 1123 P.
1323 1095 1361 1123 N.
1378 1094 1460 1124 Diss.
1471 1095 1535 1123 IX.
1550 1104 1579 1132 p.
1595 1095 1669 1124 705.

962 1142 992 1165 et
1004 1137 1230 1175 XVesselingius
1246 1137 1265 1166 l.
1284 1147 1310 1166 c.
1355 1138 1421 1167 ,lam
1439 1137 1527 1175 plane
1544 1146 1601 1165 non
1614 1136 1671 1165 du·

962 1180 1045 1208 bium
1062 1184 1119 1214 est,
1136 1180 1320 1218 Dionysium
1345 1184 1471 1218 propter
1486 1180 1544 1208 hoo
1568 1179 1670 1217 ipsum

963 1233 1069 1252 munus
1085 1222 1285 1262 γραμματέως
1300 1232 1317 1251 a
1331 1223 1446 1251 Nostro
1463 1222 1565 1251 vocari
1579 1226 1671 1260 potu-

962 1265 1022 1294 isse
1040 1266 1182 1305 ὑπηρέτην.
1226 1265 1339 1295 Nescio
1363 1270 1462 1294 tamen
1478 1265 1550 1304 quid
1566 1264 1596 1293 in
1613 1265 1670 1293 hoc

964 1308 1032 1337 loco
1051 1318 1098 1337 me
1119 1308 1257 1343 offendit,
1282 1309 1402 1347 quoties
1425 1308 1494 1346 lego
1519 1309 1624 1342 verba,
1645 1305 1673 1340 ὃς

963 1349 1044 1391 Daraps
1034 1363 1097 1384 ,της
1113 1356 1150 1386 ἠν,
1164 1351 1199 1384 <0²4-
1213 1358 1296 1390 φασι.
1341 1351 1425 1387 Quid
1441 1351 1536 1379 enim.
1531 1351 1541 1366 ³
1579 1351 1672 1379 Haec-

963 1394 1042 1428 cine,
1054 1392 1081 1427 ἲς
1095 1394 1177 1432 fimes
1167 1393 1230 1427 ζτης
1243 1406 1280 1429 ην,
1295 1394 1331 1423 ad
1347 1394 1673 1423 declarandumlocum

964 1436 1072 1465 scribae
1087 1438 1247 1466 credamus
1261 1437 1394 1476 adjecta?
1419 1438 1460 1466 At
1472 1437 1540 1475 quis
1553 1435 1673 1465 audito-

965 1489 1029 1508 rum
1043 1479 1132 1508 olim·
1125 1490 1263 1519 ignorare
1278 1477 1596 1519 potuit,ypafa,ua-r{wn;
1605 1489 1673 1508 esse

963 1522 1119 1562 ὑπηρεσίαν,
1139 1533 1197 1552 non
1216 1522 1322 1563 ἀςχῆν.)
1347 1523 1383 1552 ld
1401 1522 1519 1551 scilicet
1533 1521 1674 1560 Populus

963 1565 1161 1594 Atheniensis
1189 1566 1345 1594 docendus
1374 1565 1441 1594 suit.
1497 1565 1608 1594 Verum
1640 1570 1674 1593 ut

964 1609 1114 1646 ejusmodi
1135 1607 1368 1637 declarationem
1392 1607 1463 1636 huic
1485 1606 1564 1641 loco,
1579 1616 1673 1645 quum

964 1650 1002 1679 de
1028 1649 1141 1680 Siculis
1164 1651 1256 1679 rebus
1279 1655 1397 1689 agatur,
1419 1650 1517 1679 minus
1545 1650 1671 1678 alienam

963 1696 1064 1730 putes,
1075 1694 1138 1731 jam
1154 1693 1277 1722 edoceri
1292 1693 1425 1731 cupiam,
1445 1703 1498 1721 cur
1515 1702 1580 1721 eam
1597 1692 1672 1720 Ora-

964 1742 1010 1764 tor
1030 1735 1137 1765 fecerit
1149 1735 1252 1765 verbis
1264 1741 1323 1764 tam
1340 1735 1474 1774 ineptis?
1503 1735 1587 1764 Talia
1602 1739 1673 1763 sunt

964 1788 1049 1812 sane,
1066 1776 1097 1811 ὃς
1120 1777 1295 1818 ὑπηρέτης
1315 1776 1359 1808 ἦν.
1407 1779 1495 1808 Unde
1515 1778 1594 1807 enim
1616 1777 1672 1806 hoc

965 1827 1083 1860 teinpus
1100 1820 1309 1859 praeteritum?
1335 1821 1416 1850 Ferri
1433 1821 1464 1850 id
1482 1821 1586 1860 ntique
1601 1830 1674 1860 pos-

965 1869 1022 1899 set,
1036 1865 1063 1892 si
1073 1863 1344 1903 scripsisset,5lwsg
1357 1862 1490 1903 ὑπηρεσία,
1504 1863 1674 1899 ἐστῖ,οει-ῑε

964 1906 1005 1936 ita
1028 1907 1106 1936 ratio
1130 1907 1251 1936 dicendi
1275 1912 1440 1936 constaret.
1484 1907 1552 1936 Non
1574 1906 1673 1935 minus

964 1956 1062 1978 tamen
1079 1950 1205 1979 offendit
1221 1949 1306 1984 illud,
1321 1950 1361 1984 ὥς
1379 1957 1482 1988 φασι.
1527 1949 1673 1979 Esteuim

963 1994 1120 2029 absonum,
1135 1992 1160 2021 si
1176 1994 1213 2022 ad
1232 1998 1326 2022 totam
1343 1993 1520 2022 sententiam
1536 1993 1650 2022 reseras
1665 2001 1674 2028 3

964 2046 1020 2065 neo
1032 2035 1128 2075 magis
1145 2036 1313 2071 ferendum,
1334 2035 1423 2065 etiam
1440 2046 1495 2074 per
1510 2036 1594 2074 leges
1609 2045 1674 2063 ser-

964 2079 1073 2114 monis,
1095 2079 1121 2107 si
1147 2079 1185 2107 ad
1210 2088 1301 2107 unum
1330 2088 1436 2107 nomen
1463 2077 1674 2129 γραμματέως

965 2121 1043 2151 Nam
1068 2121 1112 2150 sic
1134 2121 1262 2151 deberet
1284 2132 1361 2155 esse,
1377 2121 1575 2161 γραμματέως
1590 2119 1674 2154 ὄντος,

964 2164 999 2197 ὣς
1023 2172 1107 2204 φασι.
1153 2165 1192 2193 At
1217 2164 1295 2193 natio
1311 2164 1449 2202 quaedam
1466 2163 1607 2192 videatur
1622 2162 1676 2192 ad·

965 2217 1046 2243 esse,
1062 2206 1195 2236 salebras
1217 2207 1271 2235 has
1292 2217 1397 2236 omues
1417 2207 1622 2245 complanans,
1640 2210 1675 2235 ut

965 2255 1038 2290 post
1063 2249 1150 2285 illud,
1175 2248 1221 2287 ὑφ’
1251 2248 1302 2283 ἑνός
1327 2248 1536 2289 γραμματέως.
1565 2258 1674 2278 novam

965 2293 1114 2331 quandam
1129 2293 1333 2322 conditionem
1356 2291 1485 2321 hominis
1504 2293 1604 2321 inesse
1628 2291 1675 2320 di-

967 2346 1018 2365 cas
1032 2335 1180 2375 appositis
1196 2336 1314 2371 verbis,
1327 2333 1354 2367 ὃς
1368 2334 1503 2374 ὑπης-έτης
1513 2332 1551 2364 ἦν.
1576 2334 1675 2364 Nimi-

966 2389 1030 2408 rum
1051 2379 1088 2408 ad
1112 2380 1168 2407 hoc
1189 2378 1298 2417 aliquis
1322 2377 1403 2407 abuti
1423 2377 1519 2416 possit
1537 2376 1675 2416 Polyaeui

966 2422 1046 2456 loeo,
1068 2432 1156 2461 quem
1179 2425 1247 2450 ante
1265 2420 1398 2450 laudavi.
1442 2421 1481 2450 At
1502 2420 1526 2449 si
1552 2430 1630 2449 nova
1645 2425 1676 2448 et

968 2465 1090 2494 diversa
1106 2474 1123 2493 a
1138 2464 1239 2503 priore
1257 2464 1391 2493 conditio
1410 2473 1485 2492 nunc
1502 2463 1675 2496 accederet.

968 2507 1028 2536 ista
1052 2507 1192 2537 molestia
1223 2507 1368 2547 pxaeteriti
1396 2505 1543 2544 temporis
1568 2506 1674 2534 eadem

969 2560 1023 2579 nos
1041 2556 1203 2589 premeret.
1229 2551 1295 2579 Nec
1311 2550 1413 2584 video,
1429 2549 1456 2578 in
1474 2549 1529 2577 hac
1546 2548 1674 2582 ratione,

969 2603 1023 2622 cur
1039 2603 1096 2622 non
1115 2592 1215 2631 potius
1235 2593 1345 2622 Orator
1366 2592 1508 2626 dixisset,
1530 2601 1673 2631 γραμμα-

969 2635 1038 2668 τέως
1053 2635 1100 2665 καὶ
1116 2634 1260 2675 nangis-ov,
1276 2644 1442 2674 quanquam
1461 2634 1507 2662 vel
1525 2634 1570 2662 sic
1586 2635 1674 2662 abru-

968 2678 1063 2717 ptius,
1079 2689 1134 2707 nec
1151 2689 1208 2717 pro
1225 2678 1314 2707 solita
1331 2676 1547 2717 perspicuitate
1564 2686 1617 2705 sua
1631 2676 1675 2704 lo-

969 2725 1057 2750 cutus
1076 2727 1169 2750 esset.
1215 2722 1290 2750 Post
1306 2721 1371 2750 haec
1387 2719 1496 2753 omnia,
1512 2729 1581 2757 quae
1598 2717 1676 2754 dixi,

969 2764 1100 2803 primum
1116 2764 1214 2793 facere
1230 2774 1287 2793 non
1300 2773 1435 2802 possum,
1451 2761 1523 2801 quin
1538 2761 1627 2798 illud,
1641 2761 1677 2794 ὥς

970 2814 1055 2846 φασι,
1091 2807 1257 2836 absurdum
1288 2806 1424 2844 judicem
1466 2809 1498 2833 et
1534 2804 1674 2834 alienum.

971 2849 1063 2879 Haud
1087 2849 1178 2878 dubie
1204 2849 1357 2887 Dionysii,
1381 2847 1527 2887 principis
1544 2851 1605 2876 tam
1622 2857 1677 2885 po-

970 2892 1073 2928 tentis,
1087 2891 1172 2931 prior
1191 2891 1325 2921 conditio
1342 2891 1416 2920 satis
1430 2895 1493 2920 tum
1510 2894 1580 2919 nota
1600 2889 1676 2926 suit;

972 2940 1061 2974 atque
1078 2939 1111 2964 ut
1126 2934 1224 2964 minus
1240 2939 1308 2963 nota
1325 2934 1425 2967 suerit,
1437 2943 1537 2962 rumm·
1551 2931 1634 2972 vulgi
1649 2938 1676 2962 et

960 2977 1052 3018 ⁴fama
1079 2977 1177 3007 locum
1206 2979 1235 3006 in
1264 2978 1316 3006 tali
1342 2977 1592 3021 argumentatione
1618 2985 1675 3004 non
