1928 3284
258 222 370 279 390
689 233 849 276 FRID.
883 234 1022 276 AUG.
1053 235 1271 278 WOLFII

257 341 380 381 altera
407 340 574 389 actione,
601 340 688 380 haec
715 339 836 381 ferme
867 347 970 382 sunt.
1025 342 1194 381 Primum
1223 341 1320 381 illud
1349 342 1512 384 maxime
1541 343 1713 392 interest,

257 404 366 455 quod
389 404 538 443 Orator
555 416 745 455 nusquam
770 417 857 442 cum
883 404 1046 455 Leptine
1071 404 1152 456 agit
1173 409 1358 458 tanquam
1379 418 1469 448 cum
1489 418 1569 453 re0‚
1587 406 1662 445 etsi
1680 407 1714 445 is

255 477 431 517 praesens
458 465 500 503 in
520 464 678 515 judicio
696 465 821 512 adest,
841 478 930 504 mox
948 465 1071 516 legem
1096 466 1181 516 ipse
1211 479 1370 517 quoque
1401 478 1510 505 suam
1532 466 1712 506 defensu-

257 533 355 568 ωε)
409 527 589 567 Secundo
629 540 733 566 nunc
771 540 852 566 rem
892 526 942 565 ab
975 527 1175 566 actoribus
1211 528 1378 568 delatam
1412 529 1624 580 reperimus
1662 528 1716 568 ad

257 589 577 641 Thesmossretas,
607 588 765 628 ultimos
798 601 866 627 sex
899 589 1167 634 Archontum3
1199 589 1490 641 eorundemque
1521 590 1714 642 permissu

259 663 398 690 novam
428 652 552 702 legem
579 649 856 689 Demosthenis
875 649 1076 700 Leptineae
1102 651 1141 688 in
1160 650 1250 688 albo
1277 651 1526 703 adscriptam,
1546 666 1715 703 παραγε-

259 714 515 764 ’ῃοαμιιιένηιω0
568 710 616 749 Id
636 723 728 748 vero
750 710 923 761 quamvis
945 711 1037 749 nulli
1057 711 1307 761 interpretum
1327 724 1459 750 curam
1478 712 1613 758 movit,
1634 725 1712 752 non

258 780 367 812 caret
389 779 515 810 tamen
536 771 795 818 dubitatione,
818 785 916 823 quos
936 772 986 810 ad
999 771 1159 822 judices
1181 772 1264 810 haec
1280 785 1416 811 caussa
1436 773 1625 824 delegata,
1643 778 1715 812 aut

257 833 364 885 apud
384 846 481 885 quos
502 833 642 872 Oratio
667 833 801 872 habita
829 833 891 873 sit.
947 834 1008 872 De
1028 846 1106 885 quo
1126 833 1181 872 ita
1200 838 1340 879 statuo,
1354 833 1513 884 judices
1537 847 1611 874 nec
1629 834 1715 873 uni-

257 908 405 934 versam
434 895 636 934 ecclesiam
666 908 765 941 esse,
796 908 869 934 nec
887 895 1100 942 Senatum,
1131 908 1204 933 nec
1231 895 1551 943 Thesmothetas,
1583 908 1712 947 neque

257 957 374 996 etiam
406 956 680 1002 Nomothetas,
700 969 832 995 verum
864 957 1031 996 selectos
1059 970 1106 995 ex
1130 956 1285 1007 judicio
1315 956 1526 1005 ordinario,
1547 957 1714 1006 Heliaea,

258 1023 326 1057 aut
351 1018 462 1056 simili
486 1017 690 1069 quodam.¹’
745 1020 800 1057 At
829 1018 932 1069 apud
964 1019 1035 1056 hos
1062 1018 1212 1056 Orator
1241 1018 1352 1056 simul
1383 1024 1564 1070 veterem,
1595 1031 1712 1070 quam

258 1079 473 1131 impugnat,
492 1080 617 1130 legem
636 1079 898 1130 abrogandam
917 1092 1001 1118 esse
1017 1079 1236 1125 contendit,
1254 1080 1368 1118 simul
1385 1080 1580 1131 propriam
1601 1079 1714 1118 affert

256 1140 297 1180 in
315 1141 418 1179 illius
438 1141 567 1179 locum
582 1140 811 1190 jubendam.
867 1141 944 1178 Sed
964 1141 1014 1179 ad
1035 1140 1228 1192 posterius
1249 1141 1322 1179 hoc
1344 1141 1525 1191 singulari
1540 1140 1712 1190 judicio,

256 1209 297 1242 et
317 1203 473 1254 quidem
496 1202 835 1251 Nomothetarum‚
850 1215 947 1254 opus
964 1202 1096 1250 fuisse,
1117 1215 1208 1241 vero
1223 1203 1317 1241 mihi
1334 1202 1457 1241 simile
1472 1203 1596 1241 visum
1613 1202 1712 1254 dixi,

257 1264 378 1317 idque
406 1264 482 1304 feci
512 1264 682 1317 quodam
710 1264 909 1304 Orationis
938 1264 1038 1313 loco,
1057 1265 1150 1303 licet
1177 1265 1360 1315 ambiguo
1385 1270 1424 1303 et
1452 1264 1713 1309 subobscuro,

254 1327 483 1367 adductus.q
540 1324 733 1366 Praeterea
757 1326 853 1366 illud
885 1339 1044 1379 quoque
1076 1326 1247 1366 notabile
1274 1332 1347 1374 est,
1373 1326 1480 1378 quod
1509 1327 1548 1365 in
1572 1326 1712 1365 eadem

1002 1437 1134 1468 τᾶλλαι
1157 1438 1330 1478 κυροῦται
1346 1435 1432 1477 §.uffa
1475 1437 1596 1479 Κύρωο-ις
1616 1438 1712 1468 omni-

1004 1491 1054 1511 um
1082 1490 1184 1511 rernm
1209 1481 1240 1511 in
1271 1481 1409 1520 Republ.
1438 1485 1485 1511 est
1508 1481 1557 1511 vel
1586 1481 1714 1520 Populi,

1003 1524 1054 1553 vel
1078 1534 1194 1559 eorum,
1210 1523 1321 1562 quibus
1346 1534 1411 1553 eam
1441 1528 1623 1562 potestatem
1648 1525 1712 1554 Po·-

300 1443 317 1461 u
329 1438 543 1480 Comparanda
558 1439 634 1469 hanc
654 1438 696 1469 ob
711 1444 850 1469 caussam
870 1437 969 1469 studi-

258 1492 313 1514 oso
335 1487 383 1514 est
398 1484 485 1513 Orat.
509 1482 539 1512 in
551 1483 716 1512 Timocrat-

300 1527 412 1557 ⁰Ante
445 1525 587 1555 dicebam
608 1524 765 1559 universe,
796 1523 970 1554 Archontes

257 1569 381 1599 nomina
404 1568 560 1607 recepisse
587 1567 618 1597 in
641 1567 766 1606 γραφαῖς
784 1565 970 1606 vaga-atium,

257 1621 340 1643 nunc
367 1622 407 1642 ex
427 1612 513 1641 Orat.
536 1618 558 1651 ς.
575 1610 624 1640 κά.
639 1620 657 1640 a
684 1610 767 1639 med.
796 1609 879 1639 solos
902 1611 969 1640 dixi

259 1654 508 1685 Thesmothetas.
567 1653 649 1683 Illud
671 1653 781 1683 suadet
814 1652 969 1683 AEschinis

257 1699 352 1737 γραφὴ
381 1699 460 1727 κατὰ.
497 1698 696 1735 Κτησιφῶντος
729 1706 778 1734 ap.
808 1696 967 1725 Demostb.

257 1740 299 1771 de
321 1741 394 1771 Cor.
420 1743 442 1775 ᾗ.
463 1738 508 1780 ιζ’.
530 1740 587 1769 boc
607 1743 720 1778 praeter
748 1739 841 1768 istum
867 1739 968 1768 locum

258 1782 394 1823 scriptor
416 1783 471 1813 Or.
485 1782 532 1812 ΙΙ.
553 1781 583 1811 in
601 1780 764 1820 Aristogit.
786 1791 816 1820 p.
830 1783 903 1812 803.
918 1782 968 1812 ed.

257 1826 299 1856 R.
333 1824 428 1856 ''oz-av
454 1824 500 1859 τὶς
521 1823 714 1865 ψηφίσματος
742 1823 757 1854 ἢ
784 1823 869 1863 νόμου
900 1835 967 1865 γρα-

258 1870 311 1908 φῇν
326 1867 464 1910 ἀπενέγκῃ
487 1867 553 1908 πξός
572 1868 636 1902 τοὺς
653 1865 831 1906 θεσμοθέτας
852 1877 879 1896 u..
890 1879 920 1897 τ.
938 1874 967 1898 λ.

259 1911 382 1950 Quodsi
398 1921 463 1942 rem
484 1921 523 1941 ex
542 1915 644 1940 cetero
660 1909 766 1940 ordine
777 1909 966 1949 judiciorum

258 1954 432 1990 existimes,
452 1952 657 1984 Archontibus
686 1951 753 1983 aliis
771 1952 829 1983 alia
856 1963 968 1992 genera

258 1997 428 2039 παρανόμων
443 1996 553 2027 tributa
563 1995 745 2035 conjeceris.
774 1995 851 2025 Nam
865 2006 903 2025 ex
913 2006 968 2028 no-

258 2041 340 2071 mine
363 2041 647 2071 Thesmothetarum
670 2047 701 2069 et
723 2038 822 2077 prima
845 2039 967 2069 institu-

257 2082 343 2114 tione
368 2093 486 2120 eorum,
512 2093 553 2112 ex
581 2092 643 2122 quo
668 2081 813 2112 dicuntur
837 2081 912 2121 §.nst
936 2087 967 2112 et

259 2125 336 2156 alibi
351 2123 399 2157 ἐπὶ
409 2126 474 2160 τοὺς
486 2124 584 2167 νόμους
597 2124 782 2165 κληρούμενοι,
798 2123 873 2154 nihil
889 2126 967 2155 certi

259 2168 367 2207 colligi
382 2173 495 2208 potest.
539 2168 602 2198 Sed
618 2168 698 2207 quod
716 2168 798 2207 apud
825 2177 878 2196 eos
901 2168 966 2198 fieri

260 2211 392 2246 solebat,
406 2215 472 2241 erat
495 2215 610 2240 tantum
638 2210 775 2249 quaedam
799 2210 964 2249 postulatio,

259 2258 296 2284 ut
309 2254 407 2285 verbo
422 2253 481 2283 sori
504 2252 635 2286 Romani
652 2257 729 2282 utar.
775 2253 967 2292 Sequebatur

257 2297 342 2336 apud
380 2297 507 2326 eosdem
546 2294 717 2326 domestica
744 2295 884 2336 ἀνάκρισις
910 2306 966 2327 seu

258 2339 398 2380 προαγών,
413 2344 447 2369 ut
473 2338 541 2368 aliis
558 2339 589 2369 in
605 2339 733 2369 caussis.
777 2339 855 2368 Tum
870 2338 966 2369 iidem

258 2381 360 2421 εἶςὶΐγον
385 2383 442 2418 τὰς
462 2383 518 2412 τῶν
542 2381 710 2422 παξανόμων
734 2383 847 2422 γραφεὶς
875 2381 913 2416 εἰς
932 2381 967 2411 ‘rb

258 2424 444 2467 δικαστήριον,
460 2423 505 2455 uti
527 2425 606 2454 bene
622 2424 737 2454 Pollux
759 2425 854 2454 VIII.
867 2426 919 2457 87.
934 2430 966 2455 et

259 2468 374 2508 Ulpian
387 2468 427 2498 ad
449 2470 473 2504 §.
487 2467 536 2497 κά.
557 2467 595 2498 ad
610 2477 664 2497 vv.
679 2466 699 2496 ἃ
715 2465 743 2496 δὲ
759 2465 824 2507 πρὸς
840 2478 869 2497 κ.
883 2478 913 2497 τ.
936 2474 967 2498 λ.

259 2511 311 2542 Ex
334 2511 382 2541 his
404 2514 544 2550 apparet,
573 2510 696 2550 opinor,
720 2520 780 2548 quo
795 2510 887 2540 modo
905 2512 967 2547 jam

258 2558 330 2584 ante
351 2554 429 2584 hanc
444 2553 594 2583 actionem
617 2553 762 2591 Leptines
788 2553 905 2592 aliquid
921 2553 968 2582 di-

258 2606 330 2628 cere
353 2596 490 2636 potuerit
515 2596 597 2635 apud
622 2595 872 2625 Thesmofhetas:
904 2594 924 2624 ἃ
939 2595 967 2626 δὲ

258 2638 326 2680 πρός
355 2640 416 2675 τοῖς
448 2637 647 2679 θεσμοθέταις
671 2637 764 2676 ἔλεγε,
787 2637 877 2669 ταῦτ’
901 2638 969 2673 ἴσως

257 2682 348 2722 λέγων
364 2682 501 2723 παράγειν
513 2682 591 2721 ὑμᾶς
607 2680 730 2723 ζητήσει.

300 2730 319 2753 P
332 2726 449 2756 Eadem
461 2724 623 2755 difficultas
645 2724 737 2755 etiam
760 2723 792 2753 in
803 2722 874 2753 aliis
890 2724 967 2753 Ora·

254 2767 392 2799 tionibus
414 2768 610 2808 interpretem
626 2766 750 2807 premit,
763 2776 823 2806 qno
838 2776 966 2806 quaeque

254 2821 366 2841 caussa
384 2815 492 2851 agatur
507 2810 586 2846 loco,
601 2809 753 2840 curiosius
768 2814 964 2849 quaerentem.

253 2854 292 2884 In
308 2855 364 2884 hac
385 2858 486 2884 autem
503 2853 633 2892 primum
656 2852 734 2883 illud
763 2852 878 2882 clarum
903 2856 963 2888 est,

253 2897 410 2935 legitimos
431 2896 555 2935 ¹iudices
589 2895 751 2935 appellari.
807 2895 963 2934 Nusquam

253 2939 345 2979 ἄνδρες
358 2939 494 2969 δικασταὶ
511 2939 549 2969 ad
575 2939 730 2978 Populum
745 2938 879 2978 pertinet
895 2939 963 2969 uni-

253 2990 388 3017 versum,
413 2991 561 3022 nusquam
577 2983 615 3012 ad
637 2982 793 3012 Senatum.
838 2982 906 3011 Nec
922 2981 961 3011 de

253 3025 364 3055 Senatu
381 3025 444 3056 dici
457 3026 515 3056 ista
527 3029 680 3066 poterant,
691 3023 757 3065 παρ’
768 3022 886 3064 οἷςπες
902 3024 960 3056 καῖ

1001 1566 1094 1606 pulus
1107 1566 1275 1605 delegavit,
1284 1566 1423 1605 judicum
1432 1566 1591 1604 imprimis.
1609 1567 1711 1601 Adde.

1003 1610 1086 1648 quod
1102 1610 1232 1648 reliqua,
1248 1619 1318 1648 quae
1333 1609 1354 1638 l.
1370 1620 1398 1638 c.
1414 1613 1445 1639 et
1460 1613 1482 1645 ᾗ.
1499 1608 1541 1638 κέ.
1556 1609 1713 1648 leguntur,

1004 1653 1094 1691 plane
1119 1652 1334 1691 jusjurandum
1365 1651 1504 1690 judicum
1535 1653 1711 1690 designant.

1003 1696 1046 1724 At
1067 1695 1298 1725 Thesmothetas
1313 1694 1355 1724 ita
1367 1700 1583 1724 commemorat
1598 1696 1711 1726 Orator

1003 1741 1026 1772 §.
1042 1739 1091 1768 κά.
1115 1742 1188 1776 post
1202 1737 1296 1772 med„
1314 1742 1347 1767 ut
1375 1738 1414 1767 de
1426 1737 1474 1767 his
1498 1737 1634 1776 cogitare
1650 1748 1710 1769 non

1003 1781 1101 1819 magis
1116 1781 1218 1811 liceat.
1263 1781 1304 1810 Et
1331 1780 1378 1810 illi
1404 1785 1519 1810 tantum
1545 1781 1646 1819 εἶςηγον
1661 1783 1711 1813 τὴν

1002 1826 1107 1862 γραφὴν
1121 1823 1160 1857 εἷς
1174 1822 1208 1853 τὸ
1234 1823 1416 1864 δικαστήριον,
1433 1829 1466 1853 ut
1480 1823 1628 1853 monitum
1649 1829 1711 1854 est.

1002 1867 1205 1896 Nomothetas
1229 1867 1325 1905 igitur
1340 1867 1423 1896 solos
1447 1866 1536 1896 nobis
1556 1870 1647 1905 putes
1662 1878 1710 1898 re-
1735 1901 1739 1904 ,

1001 1909 1103 1939 lictos.
1152 1910 1262 1948 Neque
1293 1919 1350 1949 ego
1377 1909 1478 1939 acrius
1514 1919 1659 1950 pugnem,
1683 1910 1713 1941 si.

1002 1952 1160 1982 cuiactum
1172 1953 1209 1982 ab
1220 1951 1282 1981 illis
1294 1953 1351 1982 hoc
1362 1952 1512 1990 judicium
1525 1962 1594 1982 esse
1603 1953 1711 1983 videa·

1002 2000 1062 2031 tur,
1074 2000 1201 2034 propter
1215 1995 1304 2030 illud,
1318 1996 1390 2025 τῶν
1412 1994 1526 2034 νόμων
1545 1997 1615 2024 τῶν
1639 2006 1709 2026 κει-

1001 2037 1117 2077 μένων
1137 2040 1189 2077 μὴ
1209 2038 1344 2077 ἐξεῖναι
1365 2039 1475 2068 λῦσαι
1489 2037 1636 2078 μηδένα,
1654 2037 1712 2070 ἐὰν

1000 2082 1049 2120 μῆ
1071 2079 1101 2110 ἐν
1117 2079 1344 2121 νομοθέταις.
1390 2082 1589 2121 Expendenti
1607 2086 1711 2111 tamen

1001 2123 1093 2153 alium
1107 2124 1207 2153 locum
1232 2125 1318 2153 Orat.
1337 2127 1359 2160 §.
1374 2122 1427 2153 ²⁶6¹.
1441 2135 1459 2154 a
1479 2124 1558 2154 med.
1585 2124 1624 2154 de
1646 2135 1709 2164 quo

1000 2176 1073 2195 mox
1090 2168 1296 2205 conjecturam
1307 2176 1495 2206 expromam,
1512 2176 1601 2196 secus
1615 2167 1713 2197 debet

1002 2208 1111 2238 videri.
1156 2209 1203 2238 Ac
1223 2209 1315 2239 verba
1330 2208 1419 2248 legis,
1442 2219 1510 2248 quae
1532 2209 1624 2239 modo
1638 2210 1706 2240 lau-

1000 2252 1121 2286 dabam,
1137 2251 1260 2282 omnino
1286 2251 1331 2281 sic
1361 2251 1459 2290 accipi
1482 2251 1596 2287 malim,
1618 2256 1653 2282 ut
1668 2252 1710 2283 ad

1000 2299 1136 2324 veterem
1170 2295 1270 2333 legem
1301 2294 1506 2334 abrogandam
1542 2295 1709 2326 accedente

999 2342 1070 2376 post
1085 2337 1214 2376 primum
1227 2337 1381 2376 judicium
1394 2338 1576 2367 auctoritate
1592 2338 1709 2370 Nomo-

1000 2381 1148 2411 thetarum
1156 2390 1233 2418 opus
1241 2380 1344 2416 fuerit,
1353 2384 1459 2419 utpote
1471 2380 1709 2420 ἅντειςφεςομένην

1000 2423 1194 2462 probantium
1208 2428 1299 2461 atque
1310 2422 1497 2462 jubentium.
1539 2424 1628 2453 Conf.
1640 2428 1708 2454 not.

999 2477 1065 2506 seq.
1109 2466 1208 2501 Unus,
1225 2465 1253 2495 si
1268 2465 1420 2496 Heliaeam
1436 2465 1537 2495 intelli
1558 2475 1603 2501 as,
1620 2476 1707 2497 scru-

1003 2509 1093 2548 pulus
1109 2508 1225 2538 residet
1239 2519 1279 2539 ex
1295 2509 1346 2545 iis,
1358 2519 1426 2548 quae
1441 2515 1464 2547 ᾗ.
1480 2507 1522 2538 κέ.
1537 2476 1577 2539 {e
1587 2509 1709 2547 jureju-

1003 2552 1096 2581 rando
1109 2551 1248 2590 judicum
1257 2551 1411 2582 dicuntur.
1455 2551 1535 2581 Nam
1561 2560 1597 2579 ea
1613 2552 1708 2581 verba

1001 2594 1031 2624 in
1046 2593 1112 2635 δ’ρκῳ
1128 2595 1270 2624 ἡλιαστῶν
1288 2604 1347 2624 non
1360 2594 1475 2630 inesse,
1489 2593 1702 2624 animadverti.

1001 2638 1063 2667 Sed
1081 2643 1172 2667 tenue
1189 2637 1334 2676 quiddam
1364 2637 1422 2666 hoc
1443 2640 1504 2665 est.
1556 2636 1634 2665 Nam
1651 2635 1708 2666 illa

1001 2680 1073 2709 talia
1099 2683 1182 2714 sunt,
1195 2690 1265 2719 quae
1291 2680 1327 2709 ad
1350 2678 1484 2717 cujusvis
1494 2678 1617 2716 judices
1641 2679 1706 2708 offi-

998 2722 1080 2753 cium
1096 2722 1283 2762 pertineant,
1302 2721 1427 2751 minime
1445 2721 1575 2760 propria
1595 2721 1704 2751 Helia-

999 2769 1125 2795 starum.
1156 2765 1204 2794 Ad
1230 2764 1380 2795 Heliaeam
1410 2768 1511 2793 autem
1538 2773 1593 2794 nos
1620 2764 1707 2795 ducit

997 2806 1081 2838 illius
1099 2807 1245 2847 temporis
1265 2817 1342 2842 mos,
1353 2817 1413 2845 quo
1428 2805 1560 2845 plurima
1575 2806 1706 2846 alicujus

997 2849 1140 2881 momenti
1170 2850 1209 2880 ad
1233 2850 1265 2880 id
1288 2849 1440 2889 judicium
1457 2853 1610 2889 pertracta
1634 2859 1705 2881 esse

996 2898 1129 2924 constat.

1039 2942 1054 2964 ‘³
1069 2937 1126 2967 Est
1145 2934 1175 2967 is
1199 2939 1222 2973 §.
1238 2933 1291 2964 ποθ’.
1309 2945 1327 2965 a
1347 2935 1428 2966 med.
1442 2934 1474 2965 in
1489 2934 1611 2964 verbis:
1637 2932 1705 2965 &nur

995 2980 1100 3020 πρῶτον
1113 2978 1246 3018 γένωνται
1261 2977 1428 3018 νομοθέται.
1472 2978 1520 3007 De
1536 2977 1649 3016 quibus
1660 2977 1703 3007 ita

994 3023 1157 3061 Reiskius,
1173 3021 1273 3056 veloci
1300 3020 1371 3052 sfilo
1395 3021 1583 3060 interrogans
1596 3032 1602 3050 :
1629 3019 1702 3055 Qui·
