1928 3284
235 194 346 255 496

235 340 347 377 τινες
371 316 388 370 ἓ
422 318 671 388 ηλεγμε’νοι.

724 317 866 406 ’Υπερ
892 317 943 380 δη
965 318 1124 372 τούτων
1150 318 1225 372 ωδι
1247 319 1485 383 ποιήσατε.

605 204 1287 249 ΔΗΜΟΣΘΕΝΟΥΣ

1527 318 1681 405 “Orgav

238 416 392 445 ταυτα
417 390 605 458 λεγωσι,
634 408 851 484 κελευετεξ
879 390 1007 468 εἴτε-εξ
1027 393 1182 456 οἷληθῆ
1205 392 1389 461 λε’γουσι
1415 419 1521 487 προς
1545 419 1680 465 υμας,

236 489 301 518 τοι
328 463 674 537 ψηφιῌσμοιτοι,
659 492 698 520 εν
725 492 784 525 οις
812 467 990 556 οἷτελεῖς
1023 491 1129 519 εισιν
1156 467 1286 532 οῧτοι,
1309 467 1531 521 δεικνυναι.

237 537 327 633 ’γάρ
352 565 434 594 εστ
436 539 600 600 ουὸεις
624 541 794 602 οἷτελῆς
813 565 905 616 παρ
936 565 1055 612 υμιν,
1074 567 1159 609 orep
1179 567 1240 612 μη
1229 541 1533 615 ψήφισμα
1506 569 1531 605 η
1559 566 1683 614 νομος

235 611 420 668 ὃεδωκε
421 616 496 677 τὴν
530 615 758 668 οἷτελειαν.

236 691 579 760 πολιτευομενων
610 689 825 756 γεγόνασι
855 714 945 758 παρ

236 812 330 849 σ-ἣνιοι,
345 811 416 846 τινὲς
438 812 503 843 εῖναι
518 814 686 852 φάσκοντες,
707 812 810 844 ἔπειτα
832 814 946 843 ἀτελεῖς·

235 855 303 885 εἰσὶν
317 854 414 895 ἆθξόοι,
425 857 629 895 παμπληθεῖς
644 857 795 898 ἄνθρωποι.
809 862 841 886 et
857 862 944 887 verte

234 898 308 932 τινὲς
321 898 386 928 εῖναι
403 899 568 939 φάσκοντες,
590 901 638 940 qui
655 910 684 930 se
702 901 808 930 dicunt
821 910 875 930 esse
889 901 945 929 ali-

235 952 291 981 quo
309 943 342 971 in
357 952 495 972 nurnero.-
517 943 627 981 quibus
645 947 838 984 opponuntur
858 943 945 972 δοῦλοι

235 983 283 1013 καὶ
302 984 463 1024 μαστιγίαι
479 984 558 1024 ἒξηλε
561 985 667 1025 γμένοι.
701 986 753 1015 Sic
771 987 856 1017 Orat.
873 986 944 1016 adv.

233 1027 362 1057 Midiam
378 1027 403 1067 ᾗ.
419 1026 465 1058 νΘ’.
480 1027 514 1057 τὸ
528 1030 602 1058 δοκεῖ
591 1040 612 1059 -ν
625 1027 696 1063 τινὲς
710 1028 775 1059 εἶναι
789 1034 946 1069 &goa-saxn-

235 1069 329 1110 φὸτες.
341 1071 462 1110 plenius
475 1071 573 1101 Lucas
590 1072 660 1101 Act.
675 1072 786 1111 Apost.
801 1072 895 1101 VIII.
915 1073 944 1101 9.

233 1112 323 1151 λέγων
336 1113 402 1143 εἷναί
416 1125 478 1143 τινα
497 1113 594 1143 ἑαυτὸν
607 1113 711 1153 μέγαν.
740 1114 854 1143 Paulus
871 1114 944 1143 sim-

233 1156 358 1196 pliciter
372 1155 440 1186 εῖνιιί
457 1168 499 1192 τι,
513 1167 573 1186 esse
586 1157 713 1196 aliquid,
728 1157 835 1186 eodem
853 1166 943 1186 sensu

235 1199 336 1228 Galat.
352 1200 398 1229 II.
415 1202 445 1229 6.
462 1205 493 1229 et
507 1200 565 1230 VI.
581 1201 613 1229 3.
638 1201 857 1230 MAnKLAND.

278 1241 488 1291 Ἐξηλεγμένοι]
514 1242 617 1272 1¹1.Et
637 1243 756 1282 quidam
780 1244 830 1282 qui
854 1247 943 1271 essent

235 1286 358 1315 convicti
379 1295 433 1315 esse
448 1285 716 1327 ejusdemfarinae,
732 1290 763 1315 et
786 1290 857 1315 tunc
872 1285 943 1324 lego

234 1326 354 1358 τοιουτοί
367 1338 448 1362 τινες.
470 1329 607 1359 Aue-ER

276 1370 330 1404 ‘524-
344 1372 479 1411 Μεγαρεῖς
493 1371 541 1400 καὶ
561 1370 710 1402 Μεσσήνιοί
723 1381 793 1404 τινες
808 1369 874 1400 εῐνοιι
888 1370 945 1409 φά-

234 1424 347 1448 σκοντες
360 1415 418 1454 —]
435 1414 549 1444 Locum
563 1415 642 1444 hunc
654 1414 694 1444 ab
705 1415 809 1454 Intpp.
823 1418 945 1443 strenue

229 1462 382 1486 ‘vexatum
393 1458 472 1496 apud
481 1457 630 1497 Apsinem
639 1457 809 1496 reperimus
818 1469 847 1496 p.
859 1458 944 1494 697„

235 1501 289 1530 sed
305 1505 452 1530 mutatum
475 1501 563 1536 adeo,
579 1505 613 1530 ut
635 1501 709 1539 quid
731 1500 762 1529 in
783 1510 819 1529 eo
841 1499 945 1529 rhetor

233 1542 356 1582 legerit,
390 1543 459 1572 aliis
487 1544 685 1573 divinandum
716 1543 824 1572 lubens
856 1542 946 1572 relin—

235 1595 336 1624 quam.
381 1586 510 1625 Legitur
522 1586 563 1615 ibi
578 1597 584 1615 :
608 1587 643 1619 ὣς
658 1586 792 1625 Μεγαρεῖς
807 1584 854 1613 καὶ
867 1591 945 1614 Μεσ-

236 1627 319 1658 σήνιοι
335 1628 447 1662 ἀτελεῖς
456 1627 528 1662 τινὲς
539 1627 623 1669 ἀθρόοι
639 1627 780 1667 ἂνθρωποι
794 1626 881 1656 δοῦλοι
897 1626 945 1656 καὶ

234 1669 394 1711 μαστιγίαι
410 1682 437 1701 κ.
451 1683 482 1700 τ.
493 1677 523 1701 λ.
553 1671 752 1700 Marklandus
769 1674 868 1699 autem
879 1670 946 1699 vul-

236 1719 315 1752 gata,
332 1724 400 1753 quae
423 1719 454 1743 et
472 1724 527 1743 nos
544 1714 709 1748 edidimus,
732 1713 777 1742 sic
795 1712 945 1751 distingui

231 1758 338 1796 jubet:
360 1758 396 1791 ὡς
411 1757 546 1796 Μεγαξεῖς
560 1756 610 1785 καὶ
624 1755 782 1791 Μεσσήνιοι,
793 1754 864 1788 τινὲς
878 1754 945 1785 εἶναι

235 1799 392 1840 φάσκοντες
407 1801 478 1840 (qui
493 1810 520 1829 se
535 1800 639 1829 dicunt
654 1809 709 1828 esse
723 1799 820 1838 aliquo
834 1800 866 1827 z‘n
888 1808 945 1827 nu-

234 1841 358 1882 mero)
347 1853 449 1873 επειτοι
467 1843 579 1875 ἀτελεῖς
595 1841 662 1872 εἰσὶν
676 1840 774 1881 ἀθξόοι,
798 1846 946 1879 παμπλη-

236 1884 300 1920 θεῖς
313 1885 463 1927 ἄνθρωποι.
508 1886 573 1915 Ubi
592 1886 651 1921 his,
666 1887 716 1925 qni
731 1894 758 1913 se
773 1884 877 1913 dicunt
890 1884 946 1913 ali-

237 1939 294 1968 quo
318 1930 350 1958 in
377 1939 497 1958 numero
522 1938 588 1963 esse,
610 1926 741 1967 opponit
765 1926 873 1960 δούλους
898 1925 948 1955 καὶ

236 1969 399 2010 μαστιγίας
429 1976 489 2001 etc.
526 1972 569 2000 At
598 1972 689 2000 talem
721 1969 947 2009 oppositionem

238 2024 296 2053 ego
320 2014 371 2044 hio
393 2015 505 2044 nullam
527 2014 631 2043 video.
676 2014 755 2043 Nam
773 2012 904 2052 primum
921 2012 947 2041 si

237 2057 313 2086 nihil
336 2057 388 2087 isti
413 2058 497 2087 aliud
523 2066 611 2095 quam
637 2057 815 2086 dixerunt
841 2065 868 2084 se
894 2064 949 2084 esse

237 2099 335 2139 aliquo
356 2101 389 2130 in
410 2109 542 2135 numero,
558 2099 696 2140 profecto
717 2108 755 2128 ne
773 2098 865 2127 obolo
882 2097 948 2136 qui-

237 2142 309 2172 dem
339 2142 438 2182 pluris
463 2142 596 2172 habendi
623 2142 758 2176 fuerunt,
780 2150 870 2179 quam
897 2140 948 2179 qui

238 2190 387 2216 vocantur
402 2185 584 2224 simpliciter
599 2185 686 2214 δοῦλοι
708 2183 756 2213 καὶ
777 2181 947 2221 μαστιγίαι.

239 2228 319 2257 Tum
333 2228 446 2257 misere
460 2228 514 2258 illa
535 2228 653 2257 ratione
669 2226 857 2274 discerpitur
871 2226 948 2255 ordo

239 2271 415 2306 verborum,
453 2275 486 2300 ut
520 2280 708 2310 nequaquam
742 2269 845 2304 mirer,
880 2272 949 2298 ante

240 2313 455 2344 Marklandum
480 2324 545 2342 eam
567 2312 679 2343 nemini
702 2312 731 2341 in
748 2315 879 2341 mentem
896 2321 949 2341 ve-

239 2356 335 2386 nisse.
379 2357 416 2386 In
437 2360 558 2396 promtu
579 2361 628 2385 est
642 2355 759 2390 videre,
777 2355 948 2392 subjectum

242 2398 387 2429 orationis
417 2409 485 2429 esse
510 2397 591 2434 τινὲς,
619 2403 651 2428 et
674 2398 734 2427 huo
759 2396 866 2426 referri
895 2397 950 2429 φά-

241 2452 354 2477 σκοντες
369 2440 436 2472 εῖναι
458 2442 596 2491 λ’[εγοιςεῖς
616 2440 663 2470 καὶ
685 2439 844 2475 Μεσσήνιοι,
860 2439 949 2469 etita

240 2485 403 2524 periodum
425 2485 526 2524 accipi
553 2484 686 2514 debere:
718 2482 828 2512 Dicent
852 2481 950 2511 adhuc

231 2527 363 2578 fortasse
374 2528 534 2558 aduevsam'i
558 2527 658 2562 nostri,
674 2525 799 2555 homines
814 2535 850 2564 qz·
842 2525 950 2554 osdam

241 2572 375 2610 reperiri,
390 2572 441 2610 qui
461 2571 589 2611 quamvis
610 2579 647 2599 ne
670 2569 723 2608 ipsi
736 2568 852 2608 quidem
867 2568 950 2597 dissi-

243 2613 355 2643 mulent
367 2620 420 2643 aut
434 2614 591 2649 occultent,
608 2611 791 2652 Megarenses
803 2616 831 2640 et
846 2610 950 2640 Messe-

243 2657 306 2686 nias
320 2666 348 2686 se
363 2666 428 2692 esse,
438 2657 484 2698 (h.
502 2667 530 2687 e.
544 2667 601 2685 non
614 2656 687 2685 cives
697 2654 828 2693 Atticos)
844 2652 951 2682 nihilo-

243 2700 339 2729 minus
349 2698 574 2740 immunitatefv
576 2704 690 2729 uantur
696 2699 735 2728 ud
744 2707 836 2727 unum
844 2705 949 2725 omnes.

231 2741 242 2751 '¹
254 2748 384 2778 Eva-sava,
400 2746 434 2772 ut
448 2742 522 2772 alias
537 2748 614 2778 είτα,
635 2746 681 2771 est
696 2751 753 2780 pro
769 2739 856 2779 ὅμως,
869 2739 950 2778 quod

245 2784 394 2825 imprimis
410 2786 442 2815 fit
457 2790 527 2835 post
538 2784 720 2815 sententiam
731 2782 951 2817 concessivam,

245 2838 311 2867 quae
323 2829 412 2858 habet
421 2828 626 2868 participium.
639 2826 712 2856 Vid.
720 2827 820 2856 Koen.
827 2826 865 2855 ad
873 2826 951 2855 Gre-

247 2881 313 2910 gor.
329 2872 400 2902 Cor.
415 2882 446 2910 p.
462 2873 514 2901 62.
531 2876 562 2900 et
575 2871 719 2909 Hoogev.
737 2870 848 2899 Doctr.
875 2868 951 2898 Par-

244 2914 318 2944 ticc.
329 2925 375 2954 gr.
383 2925 415 2954 p.
407 2917 494 2946 384.
517 2913 598 2943 Dein
616 2923 683 2963 quae
697 2913 840 2952 leguntur
854 2910 950 2940 nomi-

245 2966 284 2985 na
295 2957 424 2988 articulo
439 2956 597 2991 destituta,
613 2952 731 2990 Λυκίδοις
743 2954 789 2984 καὶ
801 2953 950 2989 Διονύσιος,

247 2999 361 3038 optime
376 3004 478 3030 nostra
492 3004 543 3030 aut
557 2999 658 3038 aliqua
666 2997 834 3029 recentiore
847 2997 949 3036 lingua

839 613 1039 703 Προξενοι
1078 640 1227 686 μεντοι
1263 618 1437 670 πολλοι
1480 616 1553 670 3ιοῖ
1598 641 1684 668 των

985 714 1087 761 υμίν
1114 715 1318 755 ΤΟίΟυΤΟί,
1350 717 1403 743 ων
1433 689 1491 751 Εἰς
1516 715 1637 744 ἐστίν
1664 715 1684 741 0

980 815 1144 854 exprimas,
1158 817 1206 844 ein
1221 814 1361 856 Lycidas,
1383 816 1431 845 ein
1445 814 1607 855 Dionysius
1618 813 1686 852 (one

980 856 1118 897 Lycidas,
1135 857 1192 888 &m
1213 881 1219 888 .
1257 859 1318 888 Sed
1335 859 1462 888 atterum
1476 858 1583 887 horum
1599 867 1686 896 pror·

979 910 1031 929 sus
1043 900 1216 940 ignoramus
1228 911 1236 938 3
1248 901 1394 940 Lycidan]
1407 901 1565 939 vero,ipse
1574 901 1687 929 Orator

979 943 1083 979 docet,
1099 944 1171 973 olim
1188 944 1329 974 Chabriae
1345 954 1467 973 servum
1492 943 1600 978 fuisse,
1613 953 1687 972 mox

980 987 1092 1025 Populi
1107 987 1220 1017 Athen.
1242 997 1423 1026 proxenum.
1456 987 1552 1016 Addit
1574 985 1688 1021 schol„

979 1029 1130 1059 hominem
1145 1030 1338 1059 conducticio
1353 1029 1503 1059 exercitui
1515 1028 1688 1068 praefuisse.

977 1071 1046 1101 Jam
1063 1077 1201 1102 extrema
1216 1073 1277 1101 loci
1293 1073 1338 1102 sic
1355 1072 1471 1111 scripta
1487 1075 1557 1101 suut
1572 1072 1602 1101 in
1616 1071 1687 1101 Ald.

979 1113 1077 1144 Herv.
1095 1115 1192 1144 Felic.
1209 1115 1306 1151 Mau„
1329 1114 1466 1148 τοιούτους
1490 1116 1568 1148 τινὰς
1593 1113 1687 1153 ἐξηλε-

978 1156 1086 1194 γμένοι,
1102 1157 1277 1196 corruptius
1304 1158 1427 1192 dehinc,
1445 1157 1584 1190 τοιούτους
1609 1158 1688 1191 τινὰς

977 1197 1162 1239 ἐξειλεγμένοι
1176 1200 1207 1229 in
1230 1201 1308 1229 Ben.
1331 1205 1362 1229 et
1377 1199 1491 1235 Wolf„
1505 1199 1556 1238 qui
1573 1200 1685 1229 vertit:

978 1252 1046 1270 nam
1061 1243 1124 1281 ejus
1134 1243 1251 1283 generis
1274 1242 1400 1272 homines
1413 1243 1574 1282 elegerunt.
1609 1243 1686 1280 Quae

979 1284 1082 1314 versio
1107 1290 1252 1324 quantum
1283 1291 1314 1315 et
1337 1285 1435 1315 tenori
1465 1284 1624 1314 sententiae
1655 1289 1687 1314 et

980 1328 1185 1365 grammaticae
1206 1328 1316 1357 rationi
1339 1332 1501 1366 repugnet,
1516 1328 1610 1357 taedet
1625 1327 1687 1357 sin-

980 1370 1104 1408 galatim
1124 1381 1263 1410 arguere.
1307 1371 1344 1400 ld
1360 1371 1483 1408 quidem
1502 1371 1566 1409 jam
1582 1371 1687 1400 Mark-

979 1412 1088 1443 landus
1100 1414 1191 1449 vidit,
1205 1412 1390 1454 ἐξειλεγμένοι
1401 1413 1487 1442 reddi
1501 1413 1687 1451 oportuisse,

978 1455 1072 1492 electi,
1088 1467 1146 1486 non
1161 1458 1308 1498 eligentes.
1342 1457 1458 1485 Verum
1471 1461 1504 1485 ut
1519 1457 1576 1486 hoc
1591 1455 1686 1495 parti-

980 1498 1094 1538 cipium
1118 1510 1187 1529 cum
1214 1500 1321 1529 Reisk.
1345 1499 1446 1528 activo
1470 1509 1560 1528 sensu
1587 1508 1688 1528 suma-

979 1551 1058 1577 mus,
1074 1543 1184 1581 quibus
1201 1543 1323 1573 demum
1347 1541 1478 1571 fidiculis
1499 1541 1576 1570 illud
1599 1552 1689 1580 supe-

979 1584 1042 1613 rius
1059 1583 1161 1624 ἐροῦσιν
1176 1585 1235 1614 huc
1252 1584 1512 1622 retorquebimus?
1529 1584 1689 1613 Assentior

979 1627 1082 1665 itaque
1098 1627 1280 1657 Marklando
1303 1628 1460 1662 hactenus,
1483 1627 1565 1664 quod
1587 1636 1690 1656 emen-

979 1670 1042 1704 dat,
1060 1669 1106 1698 nat
1122 1669 1239 1700 τοιοῦτοί
1261 1680 1331 1702 τινες
1352 1668 1542 1707 ἒξηλεγμὲνοι,
1563 1679 1617 1698 seu
1633 1679 1689 1706 po-

979 1712 1041 1741 tius
1065 1722 1103 1741 ex
1128 1722 1183 1742 usu
1201 1712 1304 1742 Attico
1327 1710 1550 1750 ἐξεληλεγμένοι,
1571 1711 1608 1740 ab
1629 1709 1690 1750 ἐξε-

979 1753 1150 1795 λέγχεσθαι,
1166 1756 1265 1795 argui,
1280 1756 1422 1784 convinci.
1451 1755 1554 1792 Atque
1576 1754 1642 1783 haec
1663 1754 1691 1783 si

980 1808 1052 1827 vera
1067 1807 1172 1827 manus
1183 1797 1397 1827 Demosthenis
1411 1797 1520 1832 fuerat,
1536 1796 1624 1826 facile
1636 1796 1691 1826 illa

980 1840 1091 1870 mutari
1115 1840 1217 1879 potuit
1239 1841 1276 1870 ab
1298 1840 1349 1874 iis,
1372 1839 1425 1878 qui
1449 1850 1540 1878 quum
1568 1849 1691 1869 sensum

980 1884 1143 1913 verborum
1167 1883 1290 1922 assequi
1315 1893 1372 1912 non
1397 1887 1536 1921 possent,
1558 1882 1692 1912 scribere

979 1926 1104 1955 mallent
1125 1926 1170 1962 id,
1191 1927 1273 1965 quod
1295 1926 1510 1964 intelligerent.
1555 1925 1606 1955 Sic
1628 1923 1690 1963 ἐξη-

979 1969 1109 2008 λεγμένοι
1134 1970 1265 2005 τοιοῦτοι,
1291 1968 1357 1998 scil.
1382 1967 1465 2002 ὄντες,
1492 1972 1563 1997 sunt
1590 1967 1691 2006 palum

980 2014 1104 2042 convicti
1120 2022 1173 2041 esse
1183 2012 1263 2047 tales,
1273 2011 1371 2051 quales
1384 2010 1510 2050 Lycidas
1524 2015 1551 2039 et
1564 2009 1605 2039 D.
1620 2010 1651 2040 h.
1663 2021 1691 2041 e.

980 2060 1053 2085 ποτα)
1065 2054 1159 2085 nihilo
1173 2055 1308 2090 melioris,
1324 2064 1411 2094 quam
1424 2053 1480 2083 illi
1503 2054 1577 2091 Ipse
1588 2056 1690 2083 tamen

981 2097 1094 2127 Markl.
1118 2097 1213 2127 verba
1232 2099 1309 2127 bene
1334 2097 1493 2126 emendata
1516 2095 1560 2125 ita
1581 2095 1690 2125 distin-

981 2140 1066 2179 guit.
1091 2138 1141 2169 καί
1162 2150 1232 2172 τινες
1246 2140 1342 2174 ἄλλοι,
1358 2139 1445 2168 δουλοι
1468 2137 1516 2166 και
1530 2136 1690 2176 μαστιγίαι

979 2181 1117 2234 (Λυκίδας
1125 2183 1172 2212 καὶ
1189 2182 1324 2214 Διονύσιος
1339 2192 1387 2210 και
1403 2191 1519 2210 *romu-roz
1514 2178 1618 2221 ’τινες)
1630 2180 1692 2220 ἔξη-

982 2224 1122 2265 λεγμένοι.
1166 2224 1207 2254 Et
1230 2225 1284 2254 alii
1305 2224 1437 2264 quidam,
1452 2224 1526 2252 servi
1547 2230 1575 2253 et
1593 2225 1692 2253 verbe·

981 2278 1062 2298 rones
1081 2268 1130 2308 (v.
1145 2278 1170 2297 c.
1188 2266 1317 2307 Lycidas
1339 2272 1365 2296 et
1382 2266 1543 2306 Dionysius
1566 2271 1595 2296 et
1620 2267 1692 2297 tales

981 2310 1141 2350 nonnulli)
1158 2311 1294 2339 convicti.
1321 2310 1388 2339 Nos
1406 2309 1482 2338 nihil
1497 2313 1645 2349 praeterea
1660 2309 1691 2339 in

982 2358 1070 2383 textu
1092 2358 1254 2387 mutamus,
1277 2363 1333 2382 nec
1356 2352 1387 2381 in
1412 2353 1471 2381 hac
1493 2351 1691 2382 distinctione

981 2397 1129 2436 σαφήνειαν
1154 2395 1373 2426 Demosthenis
1399 2395 1603 2434 agnoscimus.
1648 2395 1691 2424 At

982 2440 1091 2469 melius
1108 2444 1261 2477 repertum
1279 2438 1304 2468 si
1318 2438 1387 2477 quis
1412 2437 1565 2472 habuerit,
1580 2437 1612 2466 id
1636 2447 1692 2467 cu-

982 2482 1054 2521 pide
1071 2482 1297 2520 amplectemur.
1336 2479 1498 2510 Reiskium
1513 2479 1619 2510 audire
1632 2490 1691 2510 non

982 2525 1149 2564 potuimus.
1173 2526 1207 2554 F.
1224 2525 1261 2553 A.
1277 2523 1403 2553 Worr.

1023 2567 1113 2607 Ὑπὲρ
1129 2566 1157 2597 δὲ
1169 2566 1290 2607 τούτων]
1322 2567 1423 2595 Recte
1437 2565 1534 2595 Editt.
1550 2568 1692 2599 vetustae,

982 2621 1040 2640 non
1064 2608 1154 2646 τοῦτ’,
1170 2617 1203 2640 ut
1218 2609 1467 2639 Francofurtana.
1503 2608 1623 2637 Pariter
1644 2608 1690 2636 τὰ

983 2633 1166 2692 ψηφίσματίι
1195 2663 1225 2683 v,
1256 2654 1286 2682 3.
1321 2662 1361 2681 ex
1390 2651 1511 2680 iisdem.
1576 2649 1691 2688 Injuria

983 2696 1063 2726 enim
1079 2696 1184 2725 aberat
1199 2695 1346 2725 articulus
1362 2695 1399 2723 ab
1416 2703 1464 2729 ea,
1479 2703 1567 2732 quam
1588 2691 1692 2731 sequi-

982 2748 1060 2768 mur.
1083 2739 1156 2768 Tm
1162 2747 1240 2767 Lon.

1026 2780 1066 2810 Εν
1079 2778 1117 2814 οἷς
1140 2781 1252 2813 ἀτελεῖς
1275 2779 1341 2808 εἰσιν
1363 2789 1389 2807 οι.
1375 2775 1450 2817 τοι]
1475 2777 1513 2807 Id
1536 2781 1583 2806 est
1604 2775 1636 2816 ἐξ
1657 2773 1692 2806 ὠν

983 2823 1184 2863 ψηφισμάτων
1206 2823 1319 2855 ἀτελεῖς
1334 2821 1400 2850 εἰσὶν
1415 2823 1441 2850 οἱ
1446 2832 1498 2850 τοι.
1542 2820 1629 2849 Bene
1645 2820 1691 2849 sic

983 2866 1152 2897 carebimus
1175 2865 1291 2904 triplici
1321 2865 1495 2902 conjectura
1511 2862 1571 2892 viri
1593 2862 1690 2898 docti,

983 2920 1041 2949 qua
1061 2909 1132 2939 addi
1155 2908 1274 2937 mavult
1296 2905 1494 2945 ἐψηφισμένοι,
1509 2905 1557 2936 vel
1581 2915 1690 2943 γεγενη-

981 2952 1071 2992 μένοι,
1083 2952 1132 2981 vel
1148 2951 1279 2990 denique
1291 2948 1493 2989 γεγραμμένοι.
1531 2948 1618 2978 Conf.
1636 2957 1691 2977 nos

983 2996 1061 3034 ad§.
1078 2995 1125 3025 κά.
1140 2994 1220 3023 med.
1243 2993 1277 3023 F.
1295 2995 1331 3023 A.
1344 2993 1463 3023 WOLr.

1610 468 1681 521 Ου
1708 492 1787 529 497
