1928 3284
261 188 329 237 32

257 304 404 344 impendi,
419 314 547 343 quorum
562 304 590 334 in
602 304 690 335 libris
702 304 896 344 expoliendis
914 315 961 335 re·

258 347 482 386 censendisque
497 347 624 377 aliorum
647 358 740 387 opera
761 348 877 378 utiliter
899 348 964 377 col-

256 389 353 422 locari
367 394 498 429 poterat.
530 391 580 420 lta
596 390 726 420 Homeri
738 391 797 420 alia
809 393 874 419 erat
885 390 962 418 Edi-

256 434 299 463 tio
315 435 392 462 κατὰ
412 432 564 472 Φιλήμονα,
584 433 643 462 alia
657 434 736 462 κατὰ
750 431 859 466 Ῥιανόν,
873 437 962 461 Σωσι-

253 475 342 514 γένους
356 475 426 511 alia,
442 476 501 505 alia
516 474 716 516 Ἀριστάρχου,
729 473 884 508 avoth-ou,
902 473 962 503 alia

255 519 380 557 Cypria,
394 517 546 557 Sinopica,
562 518 621 547 alia
632 519 711 552 κοινὴ,
728 521 758 546 et
771 516 961 546 nominantur

254 562 344 591 etiam
360 560 455 596 κοιναὶ,
478 565 508 590 et
530 559 723 600 χαςιὲστεςαι,
747 559 806 588 alia
829 559 960 597 denique

256 603 287 633 ἐκ
300 602 433 645 νάρθηκος,
444 607 479 633 ut
491 609 616 632 caeteras
632 603 778 636 omittam,
795 612 861 640 quae
875 606 960 632 erant

254 657 432 676 numerosae.
461 646 551 682 Quod
567 646 679 684 legitur
694 645 785 674 hodie
799 643 958 682 Apollonii

254 690 385 725 Rhodii,
409 693 456 719 est
480 699 520 717 ex
550 688 682 718 secunda
699 688 843 717 Editione
868 687 959 717 istius

253 712 428 771 Scriptoiis.
475 731 663 761 Solioliastes
688 730 777 765 enim,
801 730 852 768 qui
876 730 957 760 latus

253 775 319 813 ejus
333 774 458 809 claudit,
472 784 540 803 eum
555 774 718 812 diligenter
733 773 771 803 ad
786 771 957 812 Πςοέκδοσιν,

253 819 319 847 sive
346 817 521 847 Editionem
538 816 683 856 priorem,
705 815 867 850 recensuit,
890 826 956 855 quae

253 865 398 898 quantum
414 861 452 889 ab
465 859 610 889 hodierna
625 859 730 893 distet,
747 858 899 895 intelliges
919 869 955 889 ex

252 915 308 943 σχ.
324 903 359 932 ad
376 903 430 932 hos
446 912 554 931 versus
569 900 626 932 1³³³.
637 901 720 937 libri,
735 912 776 930 sc.
792 903 863 931 285.
881 903 955 932 515.

251 946 324 975 543.
341 947 414 975 725.
425 947 498 975 788.
513 947 585 975 801.
633 946 671 974 Et
687 944 796 974 similis
811 944 955 980 Eortuna,

250 993 283 1017 ut
295 988 446 1023 dicebam,
458 987 567 1026 obtigit
580 987 706 1017 Auctori
723 991 836 1018 nostro.
862 986 954 1022 Quod

250 1031 390 1069 quoniam
408 1030 479 1060 alibi
494 1042 511 1060 a
526 1041 573 1059 me
589 1029 831 1059 animadversum
855 1035 902 1060 est
917 1030 954 1059 li-

253 1074 366 1108 berius,
392 1073 442 1102 hio
465 1073 592 1103 sufficiat
610 1083 789 1107 memorare,
811 1083 901 1109 unam
917 1074 953 1102 ab

248 1117 382 1155 Ulpiano
399 1117 503 1146 vocari
516 1114 662 1157 Ἀςχαίαν,
675 1115 740 1145 sive
752 1117 954 1154 Antiquiorem

251 1159 467 1189 Demosthenis
498 1159 685 1194 Editionem,
718 1158 853 1197 Δημάδη,
885 1158 952 1188 sive

250 1202 435 1240 Popularem,
445 1201 580 1231 alteram.
596 1202 677 1231 Vide
688 1201 809 1239 Ulpian.
820 1201 858 1230 ad
868 1202 952 1231 Orat.

248 1249 353 1273 contra
366 1244 493 1273 Midian]
511 1244 702 1282 saepiuscule.
722 1243 806 1272 Hine
823 1244 951 1273 fortasse

244 1286 384 1326 liquebit,
408 1297 462 1316 cur
477 1286 571 1315 multa
587 1286 677 1315 hodie
692 1295 750 1314 non
766 1285 906 1323 legantur
921 1286 950 1315 in

245 1334 349 1359 nostro
365 1330 499 1358 Auctore
523 1334 612 1367 atque
633 1329 690 1357 hac
713 1328 869 1364 Oratione,
885 1339 951 1367 quae

244 1373 375 1402 citat-unt
389 1383 429 1401 ex
444 1371 692 1410 eaAntiquiores.
724 1371 818 1400 Verbi
836 1372 949 1410 gratia:

244 1415 365 1446 Nullibi
385 1425 441 1453 per
459 1418 551 1443 totam
569 1416 644 1443 hanc
655 1413 831 1443 Orationem
846 1423 952 1443 occur-

243 1463 311 1488 runt
322 1458 384 1486 haec
396 1458 486 1486 verba
497 1459 571 1486 τΤῶν
582 1456 608 1486 δὲ
619 1454 719 1485 ’πλοίων
726 1458 766 1486 τὰ
776 1455 831 1496 μὲν
841 1467 949 1496 συντρι-

243 1500 350 1541 βόμενα
360 1501 426 1534 ταῖς
434 1500 620 1533 ἀποστολαῖς.
633 1500 773 1529 Attamen
790 1509 825 1528 ea
833 1499 948 1530 diserte

243 1545 359 1583 profert
375 1543 537 1582 Ulpianus,
553 1548 583 1572 et
605 1542 741 1581 exponit,
758 1541 796 1570 ad
813 1542 947 1582 Philipp.

242 1588 268 1616 I.
279 1598 317 1616 ex
336 1586 493 1620 Oratione,
504 1596 570 1624 quae
587 1590 651 1614 erat
663 1583 731 1625 ὑπὲρ
740 1587 948 1624 Κτησιφῶντος,

240 1634 271 1659 et
282 1629 392 1659 Suidas
408 1629 496 1658 etiam
511 1628 595 1663 citat,
606 1628 638 1657 in
651 1639 679 1657 v.
691 1626 881 1664 Ἀποστολὰς,
893 1629 947 1658 sed

242 1674 376 1702 Auctore
391 1671 592 1701 dissimulato.
636 1670 790 1700 Nimirum
804 1670 836 1700 in
852 1671 949 1701 altera

242 1715 387 1745 Editione
397 1715 459 1752 legi
475 1717 614 1753 poterant
628 1723 634 1742 :
661 1713 692 1743 in
708 1712 804 1742 altera
819 1724 878 1743 non
894 1714 946 1744 ita.

241 1759 282 1787 Et
298 1758 343 1787 sic
359 1758 398 1786 de
410 1757 478 1786 aliis
498 1766 619 1796 quoque
634 1755 727 1785 statui
742 1766 835 1795 posse
847 1760 878 1786 et
892 1758 946 1787 de-

240 1803 312 1831 bere
328 1799 471 1829 arbitror.

283 1845 324 1873 Et
332 1842 472 1881 quoniam
484 1851 579 1871 ea‘res
591 1842 655 1880 jam
668 1839 778 1880 agitur,
788 1851 847 1870 non
860 1841 946 1871 vide-

238 1886 295 1916 bor
308 1896 376 1915 esse
390 1885 593 1923 importunus,
609 1883 636 1913 si
657 1884 745 1914 locos
765 1884 943 1923 deperditos

239 1939 279 1957 ex
293 1930 348 1958 hac
359 1928 503 1958 Oratione
517 1927 671 1966 colligam.
704 1927 828 1956 Interea
843 1931 943 1956 tamen

237 1981 296 2001 non
313 1981 400 2001 omne
416 1971 498 2010 quod
511 1970 653 1999 laudatur
667 1979 707 1999 ex
720 1970 866 1999 Oratione
882 1970 944 2010 mg}

239 2015 387 2054 Στεφάνου,
399 2015 436 2043 ad
448 2024 514 2043 eam
529 2013 659 2042 classem
672 2012 808 2051 protinus
823 2013 942 2052 redigo.

232 2058 370 2095 Nempe,
383 2056 545 2095 aliquando
561 2059 642 2085 errat
656 2055 719 2090 ille,
736 2055 789 2094 qui
805 2055 890 2090 citat,
912 2059 943 2084 et

239 2099 476 2129 Demosthenem
489 2097 644 2137 intelligit,
655 2098 757 2127 nonin
769 2108 861 2127 causa
871 2098 942 2127 Cte-

237 2141 400 2181 siphontis,
418 2141 484 2171 sive
500 2152 532 2171 w
541 2152 552 2170 ε
563 2140 593 2181 ρὶ
616 2148 634 2171 Σ
645 2153 665 2170 τ
675 2152 686 2171 ε
696 2148 718 2179 φ
727 2142 746 2170 ίι
755 2151 767 2170 ν
777 2152 788 2170 ο
797 2153 824 2176 υ,
834 2151 941 2170 verum

236 2185 266 2215 in
290 2195 393 2214 earum
423 2185 570 2214 alterutra
585 2195 651 2223 quae
665 2188 777 2219 exstat,
792 2184 942 2222 inscripta

237 2229 341 2258 κατὰ
371 2228 565 2266 Στεφάνου
594 2225 845 2266 ψευδομαρτυρῶν.
894 2227 942 2256 Ita

237 2271 348 2300 Suidas
365 2282 394 2300 v.
410 2268 836 2310 Καταψευδομαρτυρησάμενος·
852 2279 940 2308 quem

237 2318 337 2344 tamen
364 2313 453 2343 facile
479 2318 621 2352 argueret
642 2313 859 2352 Harpocratio,
890 2313 940 2351 qui

236 2368 254 2386 κ
263 2369 282 2386 α
292 2358 340 2386 τὰ
351 2357 490 2395 Στεφάνου
503 2356 619 2385 diserte
631 2356 739 2392 habet3
753 2356 823 2394 quin
841 2360 872 2384 et
881 2356 942 2384 Ini-

237 2399 312 2429 tium
330 2399 419 2429 istius
431 2398 595 2434 Orationis,
606 2399 648 2428 ita
663 2399 732 2428 scil.
744 2403 939 2437 conceptum:

236 2440 604 2482 Καταψευδομαξτυρηθεῖς.
625 2438 649 2470 aii
677 2441 766 2481 ἄνδρες
795 2440 941 2476 δικασταὶ,

235 2490 265 2515 et
291 2496 358 2524 qnae
375 2491 551 2524 sequuntur.
596 2484 682 2514 Idem
705 2484 868 2514 dicendum
895 2489 942 2513 est

237 2529 275 2557 de
303 2539 379 2558 voce
406 2529 657 2568 Παραπεπτωκὼς,
683 2538 750 2566 quae
779 2527 810 2555 in
836 2527 940 2556 harum

236 2581 355 2610 quoque
377 2571 614 2610 priorelegitur,
636 2580 695 2599 non
718 2570 748 2599 in
770 2579 806 2599 ea
826 2570 864 2599 de
881 2571 940 2599 Co-

236 2624 319 2643 rona.
366 2615 412 2643 lta
436 2614 527 2644 etiam
553 2613 744 2642 statuendum
771 2617 819 2642 est
845 2613 883 2642 de
908 2623 940 2642 v.

239 2658 445 2701 Φαςμακῶντα.
468 2656 541 2686 Vid.
553 2656 639 2685 Suid.
655 2657 804 2694 Harpocr.
823 2666 853 2684 v.
868 2661 939 2696 Φαρ-

236 2699 340 2736 μακός,
369 2705 458 2738 atque
473 2699 563 2729 etiam
589 2698 720 2737 Etymol.
746 2699 790 2727 M.
837 2699 937 2737 Atque

236 2741 307 2770 huic
333 2742 430 2772 simile
457 2742 632 2781 exemplum
654 2752 727 2770 mox
748 2742 936 2790 subjungam.

236 2783 314 2812 Haeo
338 2784 432 2823 igitur
455 2790 520 2814 erat
542 2796 601 2815 una
625 2784 746 2814 Erroris
764 2794 836 2813 ansa
851 2784 879 2813 in
897 2785 938 2813 ci-

233 2827 336 2855 tando.
381 2828 523 2866 Sequitur
539 2828 608 2857 alia.
630 2829 751 2866 Nempe
774 2828 814 2857 ob
829 2827 936 2856 Causae

232 2879 291 2898 non
322 2879 458 2908 magnam
490 2870 782 2906 dissimilitudinem,
813 2870 936 2900 confun-

233 2912 306 2941 dere
331 2912 470 2941 solebant
494 2913 568 2941 hanc
593 2917 725 2943 nostram
748 2924 817 2943 cum
832 2912 886 2942 illa
901 2923 934 2943 π.

232 2953 472 2993 Παραπρεσβείας.
495 2955 631 2993 Utraque
648 2957 725 2985 enim
743 2956 855 2995 gravis,
867 2966 937 2994 spe-

230 2997 364 3033 ctabilis,
379 3002 411 3028 et
426 2999 462 3027 ad
482 2998 591 3036 Remp.
609 2999 792 3037 pertinebat.
824 2999 861 3030 Id
878 2999 936 3029 Th.

669 191 1297 237 ΔΗΜΟΣΘΕΝΟΥΣ

995 305 1149 345 Magistro
1162 305 1324 345 aliquoties
1337 315 1393 336 usu
1406 305 1498 336 venit.
1511 305 1589 345 [ας.
1600 306 1630 335 ἰιι
1640 305 1701 344 ξαί-

995 358 1029 378 νω
1040 358 1071 388 p.
1087 350 1161 380 638.
1178 349 1230 378 ubi
1241 348 1312 378 vide
1329 349 1512 385 interpretes
1525 349 1554 376 in
1566 349 1614 377 ed.
1626 349 1701 378 Ber-

994 391 1093 419 nardi.
1114 390 1249 429 Hnrtb]
1284 390 1453 429 Aliquando
1471 390 1616 419 memoria
1629 391 1700 421 freti

994 431 1191 470 Antiquior-es
1215 442 1338 462 sensum
1359 432 1548 462 solummodo
1564 433 1701 464 adduce-

993 474 1076 511 bant,
1098 475 1200 504 verbis
1225 474 1446 514 aliquantulum
1471 475 1647 514 disparibus
1669 481 1700 507 et

993 516 1135 547 diversis.
1177 518 1258 547 Haec
1287 518 1388 548 omnia
1407 518 1549 554 fortasse,
1565 519 1614 548 vel
1629 519 1699 558 plu-

991 560 1079 596 rima,
1102 561 1311 599 perseveranti
1339 561 1370 590 in
1393 561 1530 599 legendis
1556 560 1608 597 iis,
1632 572 1698 601 quae

992 603 1165 639 scribimus,
1184 604 1275 643 plana
1290 603 1371 634 ssent.
1416 603 1560 642 Denique
1581 604 1641 634 alia
1659 605 1698 635 de

992 655 1083 676 causa
1096 646 1203 676 abesse
1220 650 1360 685 poterant
1374 646 1528 681 nonnulla,
1544 657 1610 685 quae
1626 647 1698 677 olim

991 687 1039 717 hio
1053 688 1242 728 legebantur,
1263 699 1304 719 sc.
1326 689 1398 728 quia
1424 688 1544 718 obelum
1566 689 1699 720 Critieo-

990 741 1056 760 rum
1071 741 1220 771 perpessa
1236 736 1315 761 sunt.
1345 732 1413 768 Qua
1428 731 1468 761 de
1483 742 1516 761 re
1532 732 1603 761 audi
1617 733 1697 762 Hei·-

990 784 1162 826 mogeneni,
1178 785 1211 814 p.
1222 776 1296 804 317.
1339 772 1445 804 Ἐκεῖνα
1468 773 1566 814 μέντοι
1594 774 1638 805 διὰ
1665 775 1698 804 τδ

989 815 1062 854 ἄγαν
1076 817 1188 851 εὐτελὲς
1202 828 1249 847 και
1240 814 1436 850 ὂβελίσαντες
1449 828 1520 850 τινες
1543 816 1696 856 ὑπεξείλοψ

989 871 1023 890 το
1038 859 1105 893 ἴσως
1120 859 1131 888 ὅ
1133 860 1199 900 5654-
1214 868 1360 894 ποιουντες·
1378 858 1453 897 λέγω
1468 858 1512 893 τὸ,
1527 870 1567 888 nv
1577 861 1652 899 άμο
1662 872 1698 894 υς

990 873 1145 941 ἑφθοὺςξ
1164 902 1306 939 flozze-a,
1334 901 1395 938 καὶ,
1423 903 1526 931 κατὰ
1553 904 1632 931 *ιο-οἷν
1655 902 1697 932 τὸ

989 944 1102 985 θέρος
1131 945 1333 980 ἐπλανᾶτο,
1352 944 1400 974 καῖ
1422 946 1461 973 ταὶ
1478 944 1549 983 ἑξῆς.
1592 946 1696 974 Ταῦτα

988 989 1040 1027 γᾶξ
1056 988 1103 1016 καὶ
1117 990 1157 1018 τοὶ
1170 988 1302 1023 τοιαῦτα,
1318 986 1344 1018 ἐν
1365 986 1420 1026 μὲν
1437 987 1585 1021 ἰδιωτικοῖς
1606 987 1697 1025 λόγοις

988 1030 1054 1064 ἴσως
1070 1030 1100 1060 ἂν
1115 1029 1269 1071 ἁξμόσειεν·
1286 1030 1311 1060 ἐν
1334 1028 1457 1069 δημοσίῳ
1480 1029 1519 1064 δὲ,
1541 1030 1589 1058 καὶ
1613 1037 1694 1061 τηλι-

986 1074 1080 1103 κοῦτον
1101 1072 1195 1115 ἔχοντι
1211 1072 1327 1112 ἀξίωμα
1354 1071 1437 1112 λόγῳ,
1453 1072 1466 1103 ἢ
1484 1073 1652 1112 ωξοσώπῳ,
1678 1073 1693 1104 ὃ

987 1117 1154 1156 πράγματι,
1172 1118 1230 1150 πῶς
1243 1116 1273 1145 ἂν
1288 1115 1446 1156 ἁρμό-της
1480 1115 1540 1144 His
1557 1115 1694 1154 praemis-

987 1159 1041 1193 sis,
1055 1159 1119 1188 haec
1135 1160 1273 1193 citantur,
1290 1169 1358 1198 quae
1375 1163 1561 1197 sequuntur:

1029 1202 1084 1231 Τοῦ
1105 1201 1159 1241 μὲν
1181 1200 1227 1230 τὸν
1245 1200 1364 1241 ’πατέρα
1387 1199 1568 1240 ἦταιξηκέναι,
1594 1201 1643 1231 τοῦ
1665 1199 1693 1231 δὲ

1070 1246 1119 1274 ’τὴν
1129 1243 1240 1284 μητέρα
1256 1242 1472 1283 πεπορνεῦσθαι.

1328 1287 1362 1316 Τ.
1381 1286 1506 1325 Magist.
1522 1296 1553 1315 v.
1564 1285 1692 1326 Ἔταῗςα.

1028 1329 1220 1369 Λογογράφους
1241 1327 1325 1358 τοίνυν
1349 1340 1396 1357 και
1419 1328 1558 1370 ὑβριστὰς
1579 1330 1692 1360 ἀποκα-

1072 1374 1125 1402 λῶν
1139 1383 1186 1401 και
1203 1370 1316 1402 τοιαῦθ’
1332 1369 1456 1411 υβριζων.

1396 1414 1444 1443 Id.
1463 1423 1490 1442 v.
1505 1414 1690 1453 Λογογρίιφος.

1311 1455 1465 1486 Exstant'
1456 1465 1488 1484 ln
1504 1466 1537 1485 π.
1553 1462 1691 1498 Παςαωρ.

1025 1498 1059 1528 ‘O
1074 1499 1145 1529 δεῖνα
1159 1511 1208 1529 του
1224 1499 1304 1533 δεινος
1319 1497 1364 1528 τὸν
1380 1499 1450 1528 δεῖνα
1466 1497 1633 1537 εἶσηγγειλε.

1234 1541 1284 1572 Id.
1301 1552 1330 1571 v.
1346 1541 1379 1571 Ο
1397 1541 1478 1571 δεῖνα.
1524 1542 1558 1570 Si
1574 1542 1633 1572 hoc
1649 1542 1691 1572 sit

1290 1585 1386 1614 verba
1401 1583 1541 1614 oratoris
1556 1584 1689 1616 laudare.

1024 1626 1061 1657 Τί
1071 1627 1161 1658 δοῦλον
1176 1626 1190 1658 ἢ
1205 1625 1338 1668 ἐλεύθερον
1352 1626 1419 1657 εῖναι
1431 1625 1570 1667 &navigem

1401 1671 1448 1700 Id.
1465 1681 1496 1700 v.
1512 1669 1548 1699 Τι’
1558 1669 1689 1711 διαφέρει.

1246 1712 1326 1742 Vide
1343 1713 1418 1743 Not.
1435 1713 1473 1742 ad
1487 1713 1512 1753 ᾗ.
1527 1711 1573 1743 νθ’.
1590 1713 1621 1742 in
1636 1713 1687 1743 fin.

1150 1756 1258 1790 Φιάλας
1272 1756 1445 1796 Λυκιουργεῖς
1458 1755 1512 1785 δύο.

1281 1799 1392 1828 Athen.
1405 1799 1469 1829 XI.
1484 1800 1538 1828 12.

1144 1840 1225 1870 Vide
1241 1841 1394 1880 Leopard.
1410 1842 1470 1872 XI.
1488 1841 1618 1871 Emend.
1634 1843 1687 1872 18.

1329 1884 1448 1915 Σινώπη.

1311 1927 1466 1965 Harpocr.
1480 1925 1511 1955 in
1528 1937 1558 1956 v.

1020 1967 1212 2008 Σεσυλῆμεθα
1234 1969 1274 1998 τὰ
1297 1967 1423 2008 ἧμὲτεςα
1444 1969 1535 1999 αὐτῶν
1550 1967 1603 1998 ὑπὸ
1623 1968 1686 1998 τοῦ-

1061 2021 1127 2047 των,
1156 2012 1322 2040 Φασηλιτῶν
1343 2009 1435 2047 ὅντων,
1446 2011 1541 2050 ὥσπερ
1573 2010 1685 2050 δεδομέ-

1061 2064 1109 2082 νων
1127 2052 1218 2083 σόλων
1235 2051 1411 2087 Φασηλίταις
1425 2056 1505 2084 κατὰ
1525 2051 1685 2084 Ἀθηναίων.

1060 2094 1170 2126 ἐπειδὰν
1189 2097 1244 2135 γὰς
1267 2098 1309 2134 μῆ
1330 2095 1461 2126 ἐθέλωσιν
1483 2095 1641 2132 ἀποδοῦναι,
1666 2095 1685 2125 ἃ

1060 2138 1170 2174 ἔλαβον,
1186 2138 1216 2168 τί
1230 2139 1303 2168 αλλο
1322 2151 1370 2173 τις
1389 2138 1450 2180 ἐχοι
1470 2137 1557 2178 ὄνομα
1572 2137 1684 2169 θέσθαι

1060 2182 1119 2215 ‘1'ng
1133 2182 1276 2218 ΤΘᾸΟύΤΟίς,
1289 2194 1302 2213 η
1318 2193 1360 2211 ΟἺἸ
1375 2182 1556 2223 ἀψαίρθυνταῦ
1574 2179 1621 2211 ciffi
1642 2184 1684 2213 ’Τὰ

1059 2223 1214 2265 ἀλλότρια·
1206 2248 1215 2263 ,

975 2267 1055 2297 Haec
1072 2271 1102 2297 et
1124 2267 1212 2307 plura
1233 2267 1360 2297 laudant
1383 2278 1423 2298 ex
1445 2266 1507 2306 περι
1531 2267 1683 2307 Στεφάνου,

975 2314 1038 2340 tum
1055 2310 1177 2347 Suidas,
1192 2314 1257 2340 tum
1273 2311 1377 2349 Etym.
1390 2311 1434 2340 M.
1466 2311 1624 2349 Leguntur
1638 2315 1683 2340 ta-

975 2363 1042 2383 men
1056 2353 1145 2383 hodie
1163 2354 1193 2383 in
1203 2355 1287 2383 Orat.
1298 2352 1363 2393 πρὸς
1375 2355 1422 2384 τὴν
1436 2352 1574 2394 Λακρίτου
1590 2364 1683 2393 ἰι-αρα-

974 2396 1089 2435 γραφήν·
1101 2397 1143 2427 Et
1159 2407 1218 2426 vox
1233 2396 1354 2435 quidem
1366 2396 1456 2431 Σύλας
1463 2397 1511 2446 (id
1523 2400 1580 2433 est,
1594 2396 1682 2427 Συλῆ·

974 2438 1067 2478 σεις)”
1059 2449 1090 2469 m
1106 2449 1142 2469 ea
1151 2440 1307 2474 Oratione,
1322 2450 1388 2478 quae
1407 2439 1588 2469 inscribitur
1599 2449 1665 2479 περ
1671 2439 1681 2469 ἲ
1722 2437 1724 2439 ’

974 2494 994 2512 τ
1004 2493 1016 2511 ο
1026 2496 1040 2512 υ
1064 2489 1083 2512 Σ
1094 2494 1113 2512 τ
1122 2493 1134 2512 ε
1142 2490 1164 2522 φ
1173 2483 1191 2512 ά
1201 2493 1213 2512 ν
1222 2495 1234 2513 ο
1243 2495 1258 2512 υ
1283 2483 1333 2516 τ’ἤς
1351 2481 1538 2523 τριηραρχίας.
1583 2481 1681 2512 Vides

973 2524 1020 2555 his
1036 2526 1150 2563 verbis,
1165 2536 1233 2564 quae
1254 2524 1443 2565 subjicimus,
1462 2525 1551 2555 istius
1567 2525 1680 2554 erroris

973 2568 1132 2607 originem.
1175 2569 1253 2597 Nam
1277 2572 1361 2597 recte
1391 2578 1423 2597 se
1444 2568 1538 2598 habet
1560 2568 1682 2607 Harpo-

973 2612 1086 2642 cratio:
1112 2610 1213 2645 Σύλας.
1259 2609 1460 2650 Δημοσθένης’
1451 2621 1476 2639 εν
1494 2610 1537 2649 ‘rofi
1549 2609 1611 2649 περι
1629 2611 1679 2640 τοῦ

971 2655 1111 2695 στεφάνου
1126 2654 1192 2694 [της
1206 2652 1394 2694 τξιηςαξχίας,
1418 2664 1468 2683 καν
1490 2655 1534 2692 τῷ
1554 2652 1637 2705 πςός
1632 2655 1681 2684 τῆν

972 2697 1119 2737 Λακρίτου.
1141 2695 1341 2736 Ἐξελόμενος“
1330 2695 1434 2726 οπόταν
1446 2708 1488 2735 μη
1504 2696 1590 2725 σύλαι
1613 2706 1680 2725 ωσιν

970 2738 1126 2773 Ἀθηναιοις.
1132 2739 1171 2780 ]'
1162 2751 1187 2769 εν
1203 2739 1230 2769 δὲ
1241 2751 1298 2772 τοις
1312 2738 1397 2777 ἐξῆς“
1385 2739 1487 2778 ὥσπερ
1502 2737 1637 2777 ἓξηγούμε
1627 2749 1679 2772 ινος

971 2782 1040 2812 αυτὸ
1053 2793 1146 2822 φησιν·
1163 2781 1354 2822 Σεσυλημεθσ,
1370 2784 1410 2811 τὰ,
1425 2780 1549 2821 ἡμέτερα
1560 2791 1587 2810 κ.
1603 2792 1633 2810 τ.
1647 2787 1676 2811 λ.

972 2826 1074 2855 Verba
1087 2825 1352 2864 Harpocrationis,
1370 2835 1437 2863 quae
1451 2824 1535 2854 uncis
1552 2824 1677 2853 inclusi-

970 2879 1047 2903 mus,
1064 2869 1190 2898 deerant
1212 2868 1242 2897 in
1254 2868 1449 2907 Etymologo.
1494 2869 1594 2906 Atque
1612 2867 1677 2896 haec

969 2911 1133 2941 hactenns:
1158 2911 1278 2941 Redeo.

1012 2954 1071 2983 Aio
1088 2959 1188 2984 autem
1204 2963 1307 2992 porro,
1329 2953 1393 2981 fieri
1413 2952 1504 2981 etiam
1526 2951 1677 2991 potuisse,

968 3001 1002 3027 ut
1015 2997 1092 3027 binae
1106 2998 1174 3028 istae
1190 2996 1363 3032 Editiones,
1379 2994 1489 3034 quibus
1502 2995 1678 3025 fruebantur
