1928 3284
265 215 378 270 374

265 338 376 370 tenos
393 331 562 379 vicenos,
585 336 651 384 qui
673 335 851 373 ditissimi
872 342 1015 380 essent,
1035 336 1082 372 de
1099 349 1167 373 suo
1187 348 1349 385 corpore
1370 333 1603 384 prodebant.
1661 332 1715 372 Hi

265 407 400 431 omnes
431 394 467 431 in
498 402 627 445 partes
650 396 758 433 binas
784 396 974 445 dispertiti
1003 396 1222 433 efficiebant
1243 396 1377 446 viginti
1404 397 1559 442 classes,
1581 412 1721 446 συμμο·

263 459 360 507 ρίας,
383 469 660 506 sexagenorum
681 458 854 507 capitum
873 457 1052 506 singulas,
1080 464 1118 494 et
1147 458 1184 494 in
1207 458 1362 507 singulis
1384 457 1562 495 tribubus
1593 457 1716 493 binas.

263 516 325 554 Ita
346 518 503 555 collecti
532 518 634 556 mille
654 518 812 556 ducenti
841 531 971 555 rursus
993 518 1029 555 in
1048 518 1144 555 duas
1169 525 1296 567 partes
1323 518 1610 562 dividebantur,
1631 530 1717 554 sex-

264 583 465 617 centorum
487 579 683 616 hominum
711 585 938 629 utramque3
974 592 1117 629 easque
1144 593 1274 617 rursus
1307 580 1344 618 in
1374 580 1496 625 binas,
1520 586 1561 617 ut
1592 585 1718 616 essent

264 645 443 689 quatuor,
459 653 705 690 unaquaeque
722 647 998 678 trecentorum.
1055 641 1123 678 Isti
1144 654 1236 678 vero
1258 641 1432 687 trecenti,
1450 641 1596 679 divitiis
1618 646 1720 677 cete-

262 713 344 737 ram
365 701 514 738 turbam
544 706 784 746 anteeuntes,
807 701 1003 751 principes
1032 708 1139 740 erant
1159 702 1196 738 in
1223 702 1474 748 conferendo,
1494 708 1532 739 et
1553 707 1715 751 urgente

263 760 368 798 bello
397 762 602 811 pecuniam
624 762 969 812 repraesentabant,
993 775 1110 812 quam
1141 762 1284 800 deinde
1310 763 1436 800 minus
1463 764 1598 812 iniquo
1625 769 1719 799 tem-

258 834 354 871 pore
375 834 396 859 a
416 822 654 860 tenuioribus
676 823 913 872 redigerent:
936 835 1056 872 quare
1077 837 1142 861 eos
1163 823 1268 861 dicto
1296 824 1498 862 audientes
1519 823 1718 861 habebant

260 883 299 921 in
322 883 436 920 rebus
457 884 667 922 omnibus.v
723 886 777 921 Ex
803 897 882 933 quo
901 885 1046 922 factum
1075 891 1168 931 erat,
1190 890 1234 922 ut
1260 899 1391 923 omnes
1411 886 1448 922 in
1469 884 1565 922 duas
1586 891 1716 935 partes

259 944 374 982 divisi
405 951 555 982 essent:
588 945 778 994 siquidem
801 945 868 995 qui
894 945 943 982 ab
969 951 1132 995 utraque
1151 952 1259 984 erant
1281 952 1404 996 parte,
1424 945 1716 995 quodammodo

260 1005 447 1043 trecentis
485 1005 697 1051 ditissimis,
730 1006 797 1055 qui
834 1006 1018 1055 utrinque
1057 1013 1177 1051 erant,
1211 1006 1476 1044 adhaerebant.
1533 1006 1714 1044 Ceterum

258 1066 344 1104 istae
364 1066 507 1104 classes
536 1067 734 1104 habebant
754 1067 914 1115 singulae
937 1080 1025 1105 suos
1047 1068 1255 1118 principes,
1275 1070 1466 1118 ἡγεμόνας
1487 1075 1714 1119 συμμοριῶν,

258 1128 429 1177 itemque
450 1134 659 1174 curatores,
678 1129 908 1178 ἐπιμελητάς
928 1136 1174 1180 συμμοριῶν.“’
1217 1130 1365 1166 Horum
1386 1130 1509 1174 alteri,
1530 1130 1640 1178 copia
1657 1129 1714 1166 di-

258 1191 435 1228 vitiarum
466 1191 603 1228 ceteris
623 1190 801 1227 omnibus
831 1196 1072 1240 praestantes,
1094 1190 1272 1228 videntur
1301 1192 1532 1242 συμμορίτας
1545 1203 1641 1227 suos
1663 1191 1712 1227 ad

258 1251 427 1289 muneris
453 1258 582 1302 partes
607 1264 780 1296 vocasse,
807 1257 858 1296 et,
882 1251 912 1288 si
941 1251 1028 1301 quis
1056 1251 1156 1289 inter
1187 1252 1272 1289 illos
1302 1253 1426 1289 minus
1448 1252 1605 1297 valeret,
1628 1251 1712 1300 ejus

257 1313 329 1363 ipsi
356 1320 485 1363 partes
514 1313 766 1350 sustinuisse:
798 1319 995 1349 curatores
1016 1320 1145 1350 autem
1168 1313 1205 1350 in
1227 1313 1415 1351 classibus
1446 1313 1583 1350 eodem
1605 1313 1713 1350 mini-

257 1374 373 1412 sterio
399 1374 578 1412 videntur
596 1374 719 1411 functi
748 1387 843 1418 esse,
873 1387 952 1424 quo
979 1374 1082 1411 aliud
1108 1380 1241 1411 notum
1270 1388 1388 1424 genus
1422 1381 1644 1412 curatorum
1673 1373 1710 1412 in

257 1436 448 1482 tribubus,
471 1437 688 1486 ἐπιμεληταὶ
718 1438 791 1473 τῶν
811 1439 951 1486 φυλῶν,
973 1435 1155 1473 videlicet
1184 1443 1228 1474 ut
1257 1437 1397 1474 classes
1412 1437 1475 1477 ‚ad
1498 1443 1711 1474 conventus

256 1503 530 1543 convocarent,
548 1504 666 1547 atque
682 1497 731 1534 ad
753 1510 817 1534 eas
835 1497 883 1534 de
904 1497 1175 1534 communibus
1195 1497 1310 1535 rebus
1330 1498 1531 1536 referrent.

311 1561 410 1598 Haec
437 1565 519 1598 tota
540 1559 752 1609 descriptio
773 1558 915 1596 civium
935 1559 1035 1603 talis,
1066 1559 1218 1608 qualem
1240 1572 1342 1596 nunc
1362 1560 1489 1610 retuli,
1513 1573 1592 1609 quo
1613 1567 1708 1597 tem-

255 1634 349 1672 pore
370 1621 535 1672 primum
566 1621 604 1657 in
628 1623 812 1673 εἰςφοραῖς
833 1621 883 1657 sit
910 1620 1082 1666 inducta,
1109 1621 1233 1657 nullus
1255 1622 1465 1658 Oratorum
1488 1635 1556 1658 nos
1577 1621 1707 1660 docet.

698 227 856 270 FRID.
888 228 1029 270 AUG.
1062 226 1283 269 WOLFII

256 1685 312 1721 At
340 1695 429 1720 vero
460 1681 683 1720 Philochori
712 1681 970 1731 fragmentum

254 1795 319 1828 τοὺς
348 1795 469 1828 πάντας·
493 1796 548 1833 εἴγε
571 1795 593 1825 οἱ
619 1796 672 1825 τῶν
703 1794 877 1835 ἑκατὲξωθεν
896 1793 968 1825 ’ἦσαν

254 1837 341 1876 ὥςπερ
364 1837 488 1876 ἦνωμένοι
513 1838 573 1871 τοῖς
599 1837 772 1877 ἐκατὲςωθεν
789 1838 966 1877 τριακοσίοις,

255 1881 315 1913 τοῖς
333 1880 556 1921 πλουσιωτέροις.
602 1880 672 1922 Εἶχε
702 1880 730 1910 δὲ
753 1881 863 1911 ἑκάστη
886 1881 966 1921 μερὶς

214 1927 218 1930 ’
255 1925 311 1952 τῶν
343 1924 487 1964 τεσσάρων
525 1923 587 1953 ἴδιον
624 1922 783 1963 caream-ny&
824 1923 871 1952 καὶ
904 1924 966 1953 ἴδιον

254 1966 360 2005 ῥῆτορα·
383 1965 459 2005 ὅμως
482 1966 509 1996 δὲ
534 1967 627 1995 πάλιν
647 1969 701 1995 τῶν
722 1965 850 2005 δευτέςων
872 1965 920 1994 καὶ
943 1966 964 1995 οἶ

252 2009 358 2049 ῥήτορες
378 2009 426 2037 καὶ
450 2009 472 2037 οῖ
489 2010 642 2050 στρατηγοὶ
659 2010 766 2039 ὑπεῖκον
782 2010 841 2042 τοῖς
864 2008 964 2048 πξοτὲ-

255 2063 315 2091 ροις.
363 2051 453 2087 Quod
469 2052 497 2080 h.
511 2052 530 2081 l.
548 2059 594 2081 est
608 2053 748 2092 προτελεῖν
761 2054 808 2081 vel
826 2051 963 2091 προειςφέ-

251 2104 302 2133 ξειν
317 2096 371 2125 τῶν
386 2094 490 2130 ἄλλων,
507 2095 536 2123 id
555 2096 650 2124 habes
668 2096 757 2125 etiam
775 2096 804 2124 in
828 2095 964 2124 Midiana

252 2141 275 2172 §.
303 2139 355 2167 43.
384 2138 453 2166 adv.
485 2138 644 2176 Pliaenipp.
669 2149 698 2176 p.
736 2140 826 2167 1046.
849 2137 897 2166 ed.
922 2138 960 2166 R.

251 2180 323 2208 adv.
340 2180 460 2219 Polycl.
484 2190 513 2217 p.
538 2183 632 2210 1208.
655 2181 705 2209 ed.
726 2180 766 2208 R.
826 2180 866 2209 Et
891 2180 961 2209 iude

251 2221 428 2261 προειςφοξαί.
474 2223 570 2252 Plane
584 2228 683 2252 autem
698 2222 797 2251 sentio
816 2232 883 2251 cum
905 2224 961 2251 Va-

250 2264 308 2293 les.
326 2265 363 2293 ad
381 2266 570 2304 Harpocrat.
597 2276 627 2304 p.
644 2267 710 2300 73„
725 2264 830 2294 ultima
848 2265 908 2294 ista
922 2266 960 2295 de

248 2307 401 2346 Strategis
424 2314 453 2337 et
481 2308 659 2337 Oratoribus
677 2313 873 2346 utrorumque
886 2308 960 2338 falsa

249 2357 329 2386 esse,
346 2355 376 2379 et
391 2351 551 2389 exsculpta
566 2361 603 2380 ex
621 2351 722 2380 verbis
736 2351 869 2380 auctoris
882 2351 959 2380 male

248 2393 424 2422 intellectis.
470 2395 517 2423 De
531 2398 595 2423 toto
619 2394 742 2423 Scliolio
754 2394 885 2433 intelligi
899 2404 958 2424 non

247 2436 316 2466 vult
331 2436 480 2466 Valesius.

291 2479 436 2508 vHorum
458 2483 662 2509 trecentorum
684 2479 714 2508 in
743 2480 876 2518 Republ.
894 2479 956 2509 De-

247 2522 420 2551 mosthenes
435 2523 561 2562 Olynth.
572 2523 611 2552 A.
633 2523 658 2562 ᾗ.
674 2521 725 2557 ast,
744 2522 796 2551 ubi
811 2522 954 2551 Scholion

246 2565 323 2594 illud
342 2565 463 2604 legitur,
480 2566 561 2595 clare
578 2565 735 2594 meminit:
759 2564 886 2605 Πρότερον
899 2564 955 2604 μὲν

246 2609 312 2647 γὰρ,
341 2605 362 2636 οἳ
388 2607 476 2648 ἄνδρες
501 2606 652 2639 Ἀθηναῖοιῑ
695 2606 843 2647 εἶςεφέρετε
874 2612 953 2638 κατὰ

245 2649 420 2690 συμμορία-ς·
445 2651 492 2680 νυνὶ
513 2650 541 2680 δὲ
567 2649 748 2681 πολιτεύεσθε
768 2652 846 2680 κατὰ
872 2663 950 2687 συμ-

244 2695 354 2734 μορίας.
397 2693 501 2733 ‘Pdeme
514 2695 624 2733 ἡγεμὼν
635 2692 781 2733 ἑκατέρων,
797 2694 843 2722 καὶ
860 2705 949 2732 etr-rga-

245 2736 329 2774 ’πηγὸς
349 2735 409 2766 ὑπὸ
439 2737 541 2774 τούτῳ,
570 2737 617 2765 καὶ
649 2737 671 2766 οἶ
701 2735 902 2775 Βοηὲησόμενοι
926 2737 947 2765 οἱ

243 2778 407 2819 ’remmio-tot·
439 2781 461 2809 οἰ
498 2779 524 2808 δὲ
555 2779 637 2808 ἄλλοι
669 2777 898 2819 ’ω’ξοςνενέμησθε,
925 2780 947 2809 οἱ

242 2822 299 2861 μὲν
315 2823 349 2855 ὡς
369 2822 494 2858 τούτους,
505 2823 527 2852 οἳ
549 2821 575 2852 δὲ
592 2823 626 2855 ὡς
643 2821 762 2857 ἐκείνους·
807 2822 886 2858 Quae
908 2822 946 2851 ad

241 2865 368 2894 verbum
389 2870 568 2903 repetuntur
584 2866 621 2894 ab
635 2870 757 2894 auctore
772 2866 857 2895 Orat.
886 2865 947 2905 περὶ

241 2906 399 2945 Συντάξεως
411 2908 436 2947 ξ.
448 2907 482 2946 ζ’.
519 2908 661 2937 Meminit
672 2909 835 2937 eorundem
854 2907 944 2937 etiam

240 2950 348 2984 lsaeus,
379 2950 428 2988 qui
452 2955 541 2980 ietate
565 2951 670 2990 paullo
704 2951 856 2980 antecedit
880 2951 944 2980 No-

238 2997 449 3030 strum‚atque
482 2993 533 3023 ille
570 2994 694 3032 primus,
727 2994 755 3023 ni
787 2995 883 3029 fallor,
913 2994 943 3022 in

1000 1687 1192 1719 servatum
1223 1689 1281 1720 est
1310 1696 1357 1719 ex
1378 1682 1575 1729 Atthide,X
1602 1685 1707 1733 quod

1001 1794 1088 1824 Orat.
1104 1794 1142 1824 de
1163 1793 1348 1825 Philoctem.
1365 1795 1468 1825 hercd.
1482 1805 1512 1835 p.
1528 1796 1611 1825 154.
1645 1795 1706 1825 Ubi

1000 1838 1080 1876 quod
1112 1843 1156 1867 est
1183 1837 1208 1867 ἐν
1235 1839 1294 1872 τοῖς
1315 1836 1480 1877 τριακοσίοις
1507 1836 1642 1878 εῖςφέςειν,
1668 1840 1706 1869 ab
1754 1853 1758 1856 *

1000 1881 1107 1910 eodem
1121 1880 1193 1909 alibi
1217 1881 1331 1910 dicitur
1347 1879 1372 1909 ἐν
1393 1881 1529 1921 πρώτοις,
1545 1882 1583 1910 de
1607 1882 1703 1920 Apol-

998 1923 1061 1954 lod.
1089 1924 1191 1953 hered.
1220 1934 1250 1962 p.
1279 1925 1352 1954 187.
1412 1924 1534 1962 Lysias,
1563 1924 1702 1962 quamvis

999 1977 1081 2006 stepe
1096 1966 1134 1995 de
1150 1967 1231 1995 omni
1253 1976 1363 2005 genere
1379 1976 1534 1996 munerum
1551 1966 1703 2005 loquatur,

998 2019 1143 2048 nusquam
1169 2020 1225 2038 nec
1252 2013 1467 2045 trecentorum,
1490 2020 1545 2038 nec
1571 2020 1703 2047 symmo-

998 2051 1107 2081 riarum
1123 2052 1306 2081 mentionem
1322 2051 1434 2081 intulit.

1041 2100 1061 2115 W
1078 2095 1149 2124 Vid.
1167 2096 1320 2133 Harpocr.
1346 2105 1376 2123 v.
1393 2095 1505 2133 ἡγεμὼν
1525 2093 1700 2135 συμμοξίας,

998 2141 1029 2166 et
1053 2137 1163 2166 Pollux
1179 2138 1242 2167 ΙΙΙ.
1267 2139 1319 2167 53.
1366 2137 1481 2166 Decem
1512 2147 1604 2166 anuos
1630 2148 1700 2167 eum

997 2178 1094 2209 locum
1111 2180 1207 2209 tenuit
1226 2179 1460 2215 Demosthenes,
1473 2189 1563 2219 quem
1581 2180 1644 2209 vid.
1661 2181 1699 2210 de

996 2222 1067 2251 Cor.
1082 2223 1106 2262 ᾗ.
1127 2221 1163 2251 λ’.
1182 2227 1250 2252 ante
1267 2222 1347 2251 med.
1374 2226 1405 2251 et
1426 2222 1450 2262 §.
1464 2221 1525 2261 43¹.
1547 2223 1584 2251 ad
1603 2223 1652 2252 fin.
1668 2223 1697 2253 in

995 2265 1076 2294 Mid.
1092 2269 1112 2300 ᾗ.
1128 2268 1179 2295 44.
1194 2265 1224 2294 in
1246 2265 1367 2304 Aphob.
1383 2265 1429 2294 ΙΙ.
1454 2275 1485 2304 p.
1499 2267 1570 2297 836.
1589 2266 1638 2295 ed.
1656 2266 1696 2296 R.

994 2308 1076 2337 alibi.
1110 2309 1221 2337 Rarius
1243 2308 1371 2337 alterum
1393 2308 1573 2337 vocabulum
1590 2319 1697 2338 occur-

993 2351 1044 2386 rit,
1071 2350 1255 2389 ἐπιμελητὴς
1281 2349 1457 2389 συμμορίας,
1477 2356 1509 2380 ut
1532 2351 1562 2380 in
1581 2351 1699 2391 Everg.

993 2399 1024 2423 et
1033 2394 1165 2424 Mnesib.
1179 2405 1210 2433 p.
1225 2396 1319 2424 1145.
1330 2394 1379 2423 ed.
1395 2394 1434 2423 R.
1452 2398 1482 2423 et
1497 2393 1527 2423 in
1552 2394 1616 2423 sola
1643 2395 1698 2424 tri-

992 2437 1136 2466 erarchia.

1034 2480 1152 2518 xApud
1170 2480 1324 2519 Harpocr.
1342 2484 1373 2508 et
1391 2479 1466 2509 alios
1483 2479 1511 2508 in
1529 2490 1558 2509 v.
1574 2490 1695 2519 συμμο-

989 2522 1043 2561 ξία.
1089 2523 1208 2552 Petitus
1238 2528 1268 2551 et
1295 2524 1362 2561 ejus
1392 2522 1518 2551 asseclae
1547 2522 1604 2551 hoc
1634 2523 1693 2552 sra-

987 2570 1142 2602 gmentum
1159 2566 1196 2595 ad
1214 2565 1307 2594 solam
1336 2564 1542 2594 trierarchiam
1560 2564 1692 2602 trahunt,

987 2618 1084 2646 neque
1110 2609 1230 2638 omnino
1256 2607 1419 2646 quidquam
1451 2608 1489 2636 de
1519 2608 1692 2645 symmoriis

984 2650 1092 2680 dicunt
1107 2651 1136 2680 in
1152 2651 1297 2690 εἶς-φοραῖς,
1314 2650 1397 2679 velut
1424 2650 1453 2679 in
1474 2649 1537 2678 illis
1551 2650 1622 2679 talis
1637 2651 1691 2681 de·
1709 2644 1720 2653 ⁶

985 2693 1114 2732 scriptio
1130 2694 1213 2723 nulla
1229 2693 1331 2722 suerit.
1377 2693 1451 2722 Inde
1467 2693 1555 2731 plura
1571 2694 1691 2723 turbata

984 2737 1098 2765 suntin
1125 2737 1179 2766 hac
1204 2735 1422 2773 disputatione.
1469 2737 1535 2773 Ego
1565 2746 1689 2766 accura-

982 2779 1042 2808 tius
1059 2779 1215 2808 distinctis
1237 2779 1325 2812 locis,
1350 2788 1417 2817 quae
1441 2777 1567 2807 alterius
1590 2779 1688 2809 utrius

981 2822 1101 2859 generis
1117 2821 1348 2860 symmoriarum
1365 2821 1548 2850 mentionem
1564 2820 1687 2857 habent,

979 2874 1037 2893 non
1065 2865 1215 2898 dubitavi,
1245 2864 1316 2902 quin
1344 2864 1433 2899 ratio,
1461 2863 1549 2898 initio
1575 2864 1687 2894 usitata

979 2906 1010 2935 in
1038 2907 1182 2946 εἶςφοξιιῖς,
1207 2907 1305 2936 serius
1336 2907 1457 2936 demum
1491 2906 1625 2945 migrarit
1655 2908 1685 2936 in

978 2950 1197 2980 trierarcliiam.
1243 2950 1339 2978 Putes
1365 2950 1467 2985 etiam,
1484 2959 1547 2979 rem
1574 2949 1683 2989 deinde

978 2993 1168 3023 obsolevisse
1187 2993 1214 3022 in
1233 2992 1379 3032 εῖςφοςαῖς,
1399 3003 1490 3032 quum
1509 2992 1620 3022 Orator
1637 2993 1686 3022 di-
