1928 3284
218 179 323 229 118

208 287 320 327 μένων
347 290 413 318 τῶν
448 288 480 320 ἐν
512 290 732 333 ἀστρολογίᾳ
767 294 921 333 μᾶλλον,

209 330 319 362 ἄλλην
339 331 563 373 ἄλλοιμηνός
589 336 697 376 ἀρχὴν
722 336 779 364 καὶ
803 341 921 366 ’τελευ-

210 375 272 404 τῆν
293 373 449 412 ἄγουσιν.

252 417 421 456 Antequam
437 429 533 450 meam
547 420 722 450 Orationem
735 421 846 456 finiam,
857 420 918 450 tria

210 464 292 496 sunt,
309 471 376 499 quae
401 461 545 492 lectorem
571 463 755 492 admonitum
782 474 849 492 esse
866 473 919 493 ve-

207 501 273 531 lim.
312 504 448 534 Primum
466 505 522 534 sit:
539 506 614 535 Cum
630 505 831 535 celeberrimo
844 506 919 535 Cor-

184 576 187 577 ,
209 544 288 573 sinio
308 546 419 582 miror,
441 548 724 587 perspicacissimos
739 547 808 577 illos
825 548 917 585 viros,

208 597 285 626 quos
306 590 396 618 modo
420 591 596 626 memoravi,
614 590 752 620 arbitrari
769 590 918 629 potuisse,

208 630 378 669 Epistolam
402 632 477 662 hanc
496 633 634 671 Philippi
658 633 823 672 quidquam
850 645 917 664 cum

208 673 290 702 bello
309 674 461 704 Phocensi
487 676 552 705 sive
576 677 669 705 Sacro
695 676 805 706 habere
835 686 918 706 com-

207 725 308 750 muue,
320 718 401 755 quod
418 722 488 747 octo
511 719 548 747 ad
565 718 720 748 minimum
737 723 806 748 ante
823 730 918 749 annos

207 759 378 788 confectum
405 766 470 790 erat
495 766 526 790 et
549 761 737 791 conclusum.
785 762 916 798 Deinde,

207 809 275 830 cum
292 801 451 832 Corsinius
474 803 592 833 duabus
616 810 720 835 contra
736 805 917 835 Boedromi-

207 853 295 873 ouem
317 845 489 875 rationibus
506 851 631 886 pugnet,
648 851 712 876 tum
729 849 811 886 quod
827 849 917 878 Com-

205 890 281 924 puto
299 888 500 918 Macedonico
524 890 706 919 adversetur
722 899 731 927 ,
754 895 816 919 tum
834 892 914 929 quod

206 929 285 958 ultra
300 931 438 960 Mensem
447 933 698 971 Metagitnionem
712 933 839 971 produci
856 944 914 964 non

206 972 307 1010 potnit
337 979 388 1003 aut
413 975 519 1004 debuit
545 985 580 1004 ea
606 976 759 1015 Epistola,
783 976 914 1016 ideoque

205 1015 417 1051 arbitrabatur,
434 1028 498 1046 eam
520 1018 695 1057 Philippum
719 1019 915 1058 consignasse

204 1067 309 1088 meuse
333 1059 590 1090 Hecatombaeone
609 1072 616 1090 :
643 1063 709 1100 Ego
732 1067 832 1091 autem
850 1064 914 1092 He-

203 1102 408 1131 catombaeoue
425 1104 544 1132 exarari
561 1114 619 1132 non
636 1104 774 1142 potuisse
791 1105 914 1135 demon-

203 1143 310 1178 stravi,
326 1155 432 1174 verum
445 1150 514 1174 ante
531 1156 599 1174 eum
615 1156 760 1182 mensem,
777 1147 914 1177 Scin-rho-

203 1186 352 1223 phorione
382 1189 529 1225 putassis,
558 1189 774 1227 Thargelione,
802 1191 914 1228 Muny-

202 1228 323 1264 chione,
344 1235 395 1259 aut
415 1230 535 1260 demum
552 1232 812 1269 Elaphebolione:
835 1233 913 1262 Cum

202 1270 279 1306 haec,
296 1272 430 1311 inquam,
444 1273 486 1302 ita
511 1284 542 1303 se
563 1274 704 1309 habeant,
727 1284 787 1303 nou
813 1278 912 1304 tamen

200 1313 318 1343 interea
332 1325 421 1354 nego,
436 1316 574 1354 potuisse
590 1317 655 1346 dari
671 1327 776 1346 mense
789 1317 913 1356 quidem

202 1357 472 1393 Hecatombaeone‚
494 1370 598 1389 verum
626 1370 729 1390 meuse
746 1360 912 1390 Hecatom-

201 1400 308 1430 baeone
333 1402 401 1430 anni
424 1402 549 1441 Olymp.
567 1402 638 1432 CX.
658 1405 698 1437 2.,
726 1413 784 1432 nou
811 1403 912 1439 istius,

201 1453 261 1481 quo
285 1454 333 1473 res
359 1445 398 1473 ad
416 1444 611 1474 Chaeroneam
638 1445 803 1475 infeliciter
827 1451 911 1475 erant

201 1491 306 1524 gestie.
352 1488 419 1523 Ego
444 1488 522 1517 enim
549 1489 682 1527 Negotio
709 1488 763 1517 isti
785 1489 912 1528 Amphi-

201 1528 343 1567 ctyonico
358 1530 465 1570 (idque
482 1532 748 1560 Monumentorum
766 1531 825 1560 fide
847 1543 911 1561 cer-

202 1572 335 1611 tissima)
366 1573 498 1611 spatium
531 1585 638 1604 annum
667 1575 747 1604 ultra
776 1575 914 1613 assigno,

201 1625 289 1653 quam
308 1616 510 1651 assignaverit
527 1617 695 1646 Corsinius.
741 1617 767 1647 A
786 1628 844 1655 quo
867 1623 911 1647 ta-

198 1668 267 1686 men
283 1669 403 1697 semper
417 1659 531 1688 invitus
543 1660 769 1698 discedo,quod
781 1660 910 1690 hominis

197 1700 288 1729 istius
304 1701 451 1740 insignem
477 1704 667 1737 modestiam,
686 1703 910 1739 humanitatem,

201 1749 388 1783 caeterasque
415 1745 544 1774 virtutes
572 1746 662 1775 valde
690 1757 754 1775 sum
781 1747 910 1776 admira-

200 1791 271 1823 tus3
295 1793 356 1816 tum
382 1788 464 1826 quod
494 1789 537 1818 illi
566 1789 719 1818 solertiam
748 1790 911 1819 incredibi-

199 1829 273 1865 lem,
289 1836 379 1869 atque
405 1831 434 1859 in
459 1830 506 1859 his
531 1833 622 1861 rebus
647 1832 798 1870 peritiam,
820 1833 910 1869 longe

200 1883 293 1911 supra
323 1884 418 1902 meam
448 1879 560 1904 sortem
591 1876 787 1913 modumque,
814 1876 910 1905 conti-

201 1916 282 1952 gisse
310 1916 443 1947 videam.
498 1918 649 1956 Denique,
674 1920 819 1957 (namque
847 1923 910 1948 erat

200 1958 349 1994 Tertium,
368 1960 449 1999 quod
465 1961 660 1991 observatum
678 1961 776 2000 volui)
792 1966 911 1991 constat

200 2006 298 2031 totum
312 2003 391 2032 hunc
407 2008 582 2042 computum
601 2015 618 2034 a
633 2004 721 2038 nobis
737 2015 805 2033 esse
821 2004 911 2034 insti-

200 2048 298 2074 tutum
316 2049 407 2084 atque
423 2046 542 2082 initum,
562 2049 651 2086 juxta
666 2049 769 2076 AEram
784 2047 909 2077 Atheni-

200 2088 318 2117 ensium
347 2090 503 2128 antiquam
537 2094 568 2119 et
595 2091 772 2128 primaevam.
830 2091 908 2120 Nam

200 2130 447 2168 Anthesterione‚
483 2132 657 2169 Februario,
704 2132 909 2172 proficiscitur

200 2173 362 2204 AEschiues
378 2175 415 2203 ad
433 2180 616 2205 conventum
636 2185 757 2205 vernum
775 2176 907 2215 Delphis

199 2216 431 2246 celebrandum:
448 2217 733 2256 Scirrhophorioue,
745 2219 907 2258 Philippus

201 2259 338 2289 Elateam
366 2267 507 2299 occupat,
530 2261 750 2300 Metagitnione
771 2262 907 2298 dimicat,

199 2301 232 2331 id
262 2306 310 2332 est
344 2304 497 2333 mensibus
528 2305 641 2338 asticis,
664 2304 756 2334 Janz'o
787 2305 855 2334 scil.
878 2309 908 2334 et

200 2345 343 2384 Augusto.
389 2347 471 2385 Ergo
485 2347 691 2383 Monumenla,
708 2358 774 2386 quae
792 2348 841 2377 hic
858 2359 907 2377 oc-

199 2393 335 2424 currunt,
360 2399 417 2418 nou
443 2390 633 2429 arripuerunt
663 2401 732 2419 eum
755 2392 907 2431 vulgarem

200 2436 386 2471 computum,
400 2433 437 2461 de
453 2444 512 2471 qno
530 2433 616 2471 plura
632 2434 763 2463 disserui
779 2435 817 2463 ad
833 2435 906 2464 Not.

193 2473 345 2514 Νέκοιτομβ.
370 2474 410 2516 ἕνῃ
431 2476 480 2506 καὶ
504 2474 558 2514 νέᾳ.
585 2476 610 2515 ᾗ.
626 2475 666 2505 θ’.
690 2482 751 2514 post
774 2478 847 2506 med.
876 2482 906 2506 et

200 2528 289 2555 quem
308 2518 350 2547 ibi
376 2518 489 2548 adduxi
516 2520 553 2547 ad
578 2519 632 2547 has
658 2524 689 2548 et
713 2519 827 2549 similes
844 2519 906 2549 dis-

198 2561 318 2590 cordias
345 2562 506 2591 sedandas.
552 2561 710 2590 Noluerim
737 2572 808 2592 sane
831 2563 906 2596 dici,

195 2603 315 2634 solerter
330 2605 489 2634 admodum
509 2605 570 2634 tale
587 2609 789 2634 commentum
815 2614 832 2633 a
857 2616 905 2634 me

199 2655 266 2675 esse
305 2648 524 2685 excogitatum,
561 2652 591 2676 et
628 2647 794 2677 machinam
837 2658 905 2677 esse

198 2689 339 2728 utrinque
362 2691 561 2729 aptissimam,
577 2690 645 2719 sive
662 2700 727 2720 eam
752 2690 906 2729 applicue-

198 2741 243 2765 ro,
273 2733 339 2760 sive
368 2735 405 2762 ab
437 2744 472 2763 ea
501 2733 681 2772 applicanda
718 2733 903 2762 abstinuero.

198 2774 309 2803 Verum
327 2775 422 2804 lector
436 2787 521 2806 meus
545 2778 641 2806 bonus
666 2780 698 2805 et
719 2786 824 2814 aequus
849 2787 904 2814 po-

196 2816 256 2845 tius
273 2823 299 2845 et
316 2817 373 2846 hoc
388 2829 508 2858 quoque
524 2825 654 2858 apponet
671 2818 709 2848 iis
723 2818 903 2855 rationibus,

197 2859 306 2898 quibus
324 2870 369 2888 me
395 2862 465 2890 olim
481 2863 646 2891 adductum
662 2872 731 2892 esse
747 2861 904 2891 confirma-

196 2902 238 2937 vi,
272 2907 305 2931 ut
334 2902 553 2939 existimarem,
583 2905 658 2934 hanc
688 2905 903 2934 Demosthenis

196 2944 382 2981 Editiouem,
410 2957 470 2985 qua
495 2946 616 2983 utimur,
645 2959 662 2978 c
687 2949 806 2977 duabus
833 2958 902 2978 esse

195 2991 354 3019 consutam
378 2992 408 3019 et
433 2990 651 3021 concinnatam.
698 2991 785 3022 Adeo
809 3001 902 3031 saepe,

624 185 1271 233 ΔἨΜΟΣΘΕΝΟΥΣ

956 292 1032 322 adeo
1059 293 1256 324 vehementer
1282 292 1342 324 sibi
1365 292 1427 335 ipsi
1451 293 1665 326 contrariatur«

957 335 1111 365 TAYLOR.

997 378 1061 411 Τοῖς
1081 377 1110 408 δὲ
1132 379 1174 417 μὴ
1197 380 1387 410 συναντήσασι
1414 390 1443 409 κ.
1458 391 1488 409 τ.
1504 379 1551 420 λ,]
1583 379 1665 409 Con-v

956 420 1033 449 verti
1046 431 1084 450 ex
1100 423 1287 459 conjectura:
1298 422 1359 457 Qui
1368 432 1394 451 se
1405 428 1502 452 autem
1517 423 1664 452 nobiscum

953 473 1012 492 non
1036 464 1249 503 conjunxerint,
1265 475 1308 494 eos
1330 466 1453 494 hostium
1476 475 1597 495 numero
1612 464 1666 493 ha-

953 505 1096 535 bebimus.-
1119 516 1161 536 eos
1176 517 1252 542 vero,
1276 508 1326 547 qui
1340 508 1467 538 consiliis
1488 510 1594 538 nostris
1607 517 1666 536 non

954 551 1123 586 paruerint,
1132 550 1347 580 mulctabimus.
1370 550 1443 580 Sive
1455 561 1510 589 pro
1526 548 1666 588 πανδημεὶ

954 590 1040 629 legas
1056 592 1254 632 πολεμίοις,
1269 593 1336 622 sive
1350 603 1406 632 pro
1421 592 1566 632 κειμένοις,
1578 602 1667 633 χςω-

952 634 1082 672 μένοις,
1099 634 1124 670 ἢ,
1141 634 1382 675 πειθομένοις,
1402 646 1461 665 non
1485 637 1556 666 satis
1578 634 1668 664 intel-

952 676 1024 715 ligo.
1069 679 1178 717 Neque
1193 679 1283 708 etiam
1297 678 1398 718 placet.
1413 679 1471 713 τοῖς
1485 678 1512 708 δὲ
1529 676 1666 718 συμβό-

951 724 1038 755 λοις,
1062 722 1112 760 qui
1128 722 1232 751 nostris
1246 721 1370 751 tesseris
1393 722 1440 751 usi
1460 732 1515 750 non
1529 721 1664 762 suerint.

952 762 1167 793 Melanclitlio:
1186 763 1218 792 Si
1240 767 1289 803 qui
1309 774 1365 793 non
1388 765 1513 798 venient,
1536 765 1664 793 omnium

951 806 1044 840 rebus,
1060 811 1094 835 ut
1117 806 1252 842 hostium,
1268 812 1355 836 utar.-
1378 812 1508 836 auctores
1530 816 1608 842 vero,
1631 805 1665 833 πὶ

951 848 990 876 ad
1019 858 1068 877 nos
1097 849 1250 884 accedatis,
1273 849 1426 878 mulctabo.
1481 848 1660 878 Perionius:

953 890 1013 924 Qui
1035 892 1115 921 nobis
1138 902 1195 921 non
1218 893 1411 926 occurrerint,
1428 891 1464 920 iis
1478 892 1581 930 passim
1596 896 1662 920 ute-

950 943 1035 962 mur:
1061 936 1111 974 qui
1125 935 1203 964 nobis
1225 935 1394 965 auctoribus
1416 935 1574 964 communis
1596 944 1667 964 con-

949 976 1008 1006 silii
1039 988 1095 1006 noa
1129 978 1334 1014 assentientur,
1370 987 1413 1007 eos
1448 977 1663 1007 mulctabimus.

950 1019 1017 1057 Ego
1043 1029 1091 1049 me
1113 1020 1192 1049 hunc
1215 1021 1315 1050 locum
1341 1030 1401 1049 non
1422 1019 1595 1058 intelligere
1619 1019 1664 1049 fa-

954 1065 1030 1091 teor.
1075 1062 1138 1092 Sed
1168 1062 1195 1092 si
1226 1061 1392 1101 Scrimgeri
1424 1063 1664 1092 emendationem

949 1105 1099 1142 sequaris,
1116 1115 1183 1144 quae
1199 1105 1349 1143 ejusmodi
1366 1109 1433 1134 est:
1455 1105 1513 1139 τοῖς
1536 1103 1563 1134 δὲ
1579 1105 1666 1144 ἡμῖν

951 1147 1140 1177 συναντήσασι
1167 1147 1317 1187 πανδημεὶ,
1339 1145 1506 1188 χρησόμεθα
1535 1146 1665 1186 συμβού-

948 1194 1014 1222 λοις’
1028 1190 1086 1223 τοῖς
1098 1189 1125 1219 δὲ
1139 1191 1182 1229 μῆ
1197 1189 1480 1228 προσ-θεμένοις,
1494 1188 1665 1229 ἐπιζημίοις,

948 1231 1058 1270 aliquis
1081 1242 1188 1261 sensus
1205 1232 1275 1261 elici
1296 1242 1336 1261 ex
1353 1232 1401 1261 his
1422 1232 1525 1261 verbis
1547 1237 1663 1270 potest,

948 1274 1007 1303 etsi
1030 1284 1085 1303 nec
1107 1273 1140 1303 τὸ
1162 1273 1311 1313 πανδημεῖ,
1336 1284 1392 1304 nec
1417 1271 1450 1302 τὸ
1472 1274 1658 1314 συμβούλοις,

949 1317 1025 1346 satis
1043 1317 1154 1356 placet.
1178 1317 1303 1348 Wom

991 1361 1055 1393 Τοῖς
1076 1359 1105 1389 δὲ
1128 1360 1195 1400 ἦμῖν
1216 1371 1328 1390 συναντ.
1343 1371 1377 1391 σι’.
1392 1371 1441 1401 χρ.
1457 1371 1487 1388 σ.
1501 1360 1560 1393 τοῖς
1575 1359 1604 1390 δὲ
1618 1361 1662 1400 μῆ

948 1401 1143 1442 προσθεμένοις
1158 1401 1251 1442 ἔνι-ιζ]
1267 1402 1442 1442 [ItaTayl.]
1455 1403 1514 1432 Edi
1527 1402 1662 1432 solebat:

947 1446 1010 1478 Τοῖς
1023 1445 1050 1474 δὲ
1063 1447 1110 1483 μὴ
1123 1444 1472 1483 συναντήσασι,πανδημεῖ
1480 1444 1659 1485 χρησόμεθα.-

947 1489 1020 1521 τοῖς
1036 1487 1067 1517 δὲ
1086 1488 1305 1527 συμβούλοις
1321 1489 1403 1527 ἡμῖν
1418 1489 1465 1526 μῆ
1480 1487 1662 1526 κειμένοις

946 1528 1115 1569 ἐπιζημίοις.
1161 1532 1209 1560 lta
1225 1532 1323 1561 Aldus
1344 1537 1373 1560 et
1391 1532 1574 1559 Benenatus.
1609 1531 1660 1559 lta

946 1573 1120 1603 Felicianus
1130 1584 1260 1612 quoque,
1275 1574 1333 1602 nisi
1347 1573 1426 1612 quod
1441 1570 1604 1613 χςωμένοις,
1614 1573 1660 1603 lo-

946 1626 982 1644 eo
998 1618 1056 1652 τοῦ,
1073 1616 1212 1656 κειμένοις.
1240 1617 1278 1645 Et
1296 1617 1376 1646 Msti
1394 1616 1543 1650 similiter,
1557 1626 1660 1646 omnes

946 1659 1096 1695 fere‚1tal.
1107 1659 1211 1698 Regii,
1225 1659 1374 1688 Lindenb.
1391 1664 1449 1688 etc.
1482 1659 1517 1688 In
1533 1659 1661 1688 nonnul-

945 1701 982 1730 lis
1007 1703 1106 1738 deest,
1138 1702 1182 1731 uti
1202 1702 1289 1736 solet,
1307 1706 1371 1731 tota
1389 1701 1537 1740 Epi-stola.
1585 1701 1660 1731 Dio-

944 1745 1048 1783 nysius
1064 1744 1241 1780 Lambinus,
1259 1745 1329 1774 dum
1348 1744 1538 1774 hariolatioui
1554 1743 1655 1774 indul-

945 1788 1046 1826 gebat,
1066 1787 1096 1816 in
1114 1798 1172 1817 uno
1186 1788 1254 1816 loco
1278 1798 1335 1817 non
1359 1788 1449 1826 longe
1472 1788 1599 1816 aberat:
1624 1788 1655 1816 in

945 1831 1040 1859 altero
1056 1830 1165 1868 ineptit
1181 1831 1282 1869 plane.
1326 1832 1390 1864 Τοῖς
1413 1829 1440 1858 δὲ
1457 1832 1505 1868 μὴ
1521 1829 1654 1860 συναντή-

943 1885 1015 1902 σασι
1029 1871 1371 1915 ωανδημεῖ,χξησόμεὲα
1386 1872 1567 1911 συμβούλοις·
1581 1873 1658 1906 τοῖς

944 1915 977 1945 δὲ
1001 1918 1049 1955 μὴ
1072 1915 1332 1955 συγκειμένοις,
1351 1914 1518 1954 ἐπιζημίοις.
1564 1915 1654 1945 Wol-

944 1959 1011 1995 lius,
1035 1960 1198 1999 Scrimgeri
1216 1959 1394 1989 auctoritate
1417 1958 1522 1993 fretus,
1537 1958 1655 1996 primus

943 2001 1089 2032 sustinuit
1111 2003 1256 2041 evulgare
1279 2002 1322 2036 id,
1349 2002 1442 2040 quod,
1465 2001 1538 2030 licet
1563 2001 1654 2040 longe

942 2045 1039 2074 distet
1062 2055 1079 2074 a
1104 2050 1229 2084 recepta
1257 2044 1399 2079 lectione,
1428 2044 1465 2072 ad
1492 2042 1653 2073 veritatem

942 2093 1042 2117 tamen
1070 2098 1166 2127 prope
1193 2086 1322 2117 accedit.
1365 2085 1576 2115 Certissimum
1603 2090 1653 2116 est

941 2134 1054 2167 tamen,
1069 2131 1120 2160 diu
1138 2131 1326 2161 inveterasse
1338 2140 1415 2164 eam,
1426 2139 1515 2168 quam
1529 2129 1653 2158 damnat

941 2173 1075 2203 Wolfius
1096 2178 1125 2203 et
1149 2173 1249 2212 ejecit.
1293 2173 1444 2212 Ulpianus
1466 2172 1555 2207 enim,
1579 2171 1651 2201 dum

941 2227 1097 2256 exponere
1114 2217 1222 2252 voluit,
1237 2216 1299 2246 ita:
1323 2216 1388 2248 Τοῖς
1410 2213 1438 2244 δὲ
1460 2216 1503 2253 μὴ
1520 2214 1653 2244 συναντή-

941 2259 1027 2299 σασι]
1058 2260 1116 2293 τοῖς
1138 2261 1180 2299 μῆ
1203 2257 1375 2294 συνελθοῦσι,
1398 2257 1558 2297 κολάσομεν
1581 2256 1654 2298 κοινῇ

940 2301 1202 2342 συναθξοισθέντες.
1270 2303 1393 2332 Interea
1441 2301 1629 2339 Interpretes
1643 2310 1651 2329 z

944 2348 1111 2376 Etruscus:
1125 2345 1151 2375 Ε
1166 2347 1197 2375 di
1214 2345 1313 2384 quelli,
1329 2344 1380 2374 che
1394 2354 1452 2373 non
1467 2344 1493 2373 ci
1508 2353 1652 2373 vei-ranno

940 2390 1084 2425 incontro,
1113 2398 1150 2418 ne
1182 2389 1369 2427 prenderemo
1400 2386 1512 2425 partito
1536 2386 1652 2416 insieme

940 2443 994 2462 con
1022 2437 1099 2462 tutto
1125 2432 1148 2462 il
1173 2431 1320 2472 consiglio.
1365 2432 1559 2468 Anonymus:
1594 2427 1652 2457 His

941 2476 1067 2514 quidem,
1093 2476 1144 2514 qui
1167 2474 1278 2503 obviam
1301 2475 1345 2503 ire
1366 2473 1525 2505 noluerint,
1543 2471 1650 2510 passim

940 2523 1076 2547 utemur:
1106 2518 1286 2547 consiliarios
1315 2521 1422 2550 autem,
1452 2514 1504 2554 qai
1529 2523 1548 2541 a
1572 2513 1652 2542 nobis

939 2571 997 2590 non
1009 2561 1140 2597 stabunt,
1155 2561 1261 2590 damno
1275 2557 1442 2598 afficiemus.
1486 2555 1651 2585 Lambinus

940 2614 1010 2632 sane
1035 2603 1132 2632 noluit
1158 2614 1175 2632 a
1205 2613 1260 2632 sua
1288 2600 1465 2641 conjectura
1486 2599 1652 2630 recedere:

945 2645 1053 2675 Eorum
1069 2647 1175 2686 igitur,
1192 2647 1243 2685 qui
1257 2655 1315 2674 non
1329 2641 1517 2683 manufacta
1532 2647 1559 2672 et
1573 2640 1651 2670 mid-

939 2689 1070 2718 titudine
1092 2694 1219 2724 armata,
1244 2698 1271 2717 se
1290 2693 1387 2717 tamen
1409 2686 1487 2715 nobis
1507 2685 1649 2724 adjume-

939 2733 1014 2766 rint,
1044 2732 1160 2761 consilio
1186 2737 1323 2760 utemur.-
1357 2730 1408 2769 qui
1436 2737 1502 2757 vero
1526 2726 1563 2756 ab
1593 2725 1648 2755 hac

938 2775 1069 2803 societate
1085 2773 1264 2814 refugerint,
1279 2783 1322 2802 eos
1344 2771 1417 2800 male
1431 2769 1646 2799 mulctabimus.

940 2817 1080 2855 Denique
1110 2817 1154 2845 sic-
1181 2827 1214 2846 se
1249 2815 1383 2845 habebat
1418 2816 1506 2842 vetus
1536 2811 1646 2841 Wolfii

937 2859 1089 2889 Tralatio:
1115 2859 1176 2893 Qui
1192 2868 1219 2887 se
1234 2863 1329 2887 autam
1345 2856 1488 2886 nobiscum
1502 2864 1560 2883 non
1576 2863 1644 2883 con-

927 2903 1098 2941 junxerint,
1123 2907 1182 2931 etc.
1206 2904 1240 2929 ut
1262 2900 1352 2929 modo
1375 2897 1518 2928 vidimus.
1562 2896 1645 2926 Haec

938 2949 1008 2975 sunt
1022 2945 1097 2980 fere,
1112 2954 1179 2983 quae
1192 2942 1303 2973 lectori
1318 2942 1356 2972 ob
1372 2940 1478 2971 oculos
1494 2939 1644 2974 sisterem,

937 2992 972 3019 ut
988 2988 1150 3027 intelligat,
1166 2986 1241 3026 quid
1260 2995 1376 3022 omnes,
1392 2994 1469 3024 quos
1484 2981 1646 3015 consulere
