1928 3284
235 217 345 269 454

644 225 1284 271 ΔΗΜΟΣΘΕΝΟΎΣ

985 341 997 356 ξ

232 336 582 432 παρεταξοιτο
565 363 605 390 εν
642 337 831 402 Θῆζῐκις,
857 363 936 392 και
964 365 1017 400 ως
1036 340 1385 433 ῙΓοργωποιν
1353 365 1614 394 ατε-εκτεινεν
1640 342 1681 396 ἓν

231 410 405 483 Αἷγῖνῃ,
432 412 524 499 ’nai
562 411 652 465 ’ὄσ-οε
692 412 731 465 ἔν
772 410 937 505 Κύπρῳ
974 414 1168 500 τρόπαια
1206 439 1385 479 wrm-5,
1433 441 1512 468 και
1555 416 1681 486 μετ-οὶ

234 487 391 538 ταῦτα
429 485 468 539 ἓν
493 485 732 554 Αἰγύπτῳ,
761 486 841 538 καὶ
867 489 955 551 ὅτι,
985 514 1143 542 ποια-αν
1182 488 1387 543 επελθων
1421 490 1575 556 ὄλιγου
1601 489 1677 543 ὃεω

229 559 377 627 λεγειν
408 585 575 638 χωραν,
601 558 794 653 ntidapaou
827 585 879 613 το
919 562 997 624 τῆς
1038 562 1207 623 πολεως
1236 564 1392 636 ὄνομα,
1426 562 1517 616 oud
1542 589 1679 617 auron

229 633 527 705 κατῄσχυνεν·
574 632 672 686 οὔτε
718 658 833 687 πανυ
868 634 1005 710 ῥοίδιον
1048 636 1178 690 κατ-οἷ
1223 638 1300 700 τὴν
1342 637 1478 703 οἷξιάν
1523 638 1676 703 εἶπειν,

226 708 387 770 πολλή
409 732 459 760 τε
486 706 697 774 αἷσχυνη,
724 710 932 776 λέγοντος

229 806 309 844 7ης
332 806 371 833 SV
405 779 588 848 ἑκάστῳ
623 806 690 834 llUl)
723 782 819 851 περὶ
853 807 989 836 dU'l'OU
1024 783 1147 852 δόξης
1183 809 1499 854 υΐαρχθυσης.

964 712 1084 781 ἔμου,
1113 736 1267 764 ταυτα
1292 711 1472 764 ελοὲττω
1493 714 1675 781 φανῆναι

1549 786 1613 837 A
1640 785 1679 838 ὃ

227 853 487 926 Ουὸαμως
451 864 507 907 ἄν
534 855 666 909 sivan)
691 855 710 883 2
728 862 850 928 Οἶμαί
858 883 1018 950 μίκρθό
1044 882 1244 922 wocnffou,
1273 859 1400 912 Tau&
1425 884 1676 930 υπθμνησαί

225 952 520 1006 πείρασθμαι

484 1064 493 1081 ¹
512 1062 648 1103 Γοργόπιιν
658 1064 695 1094 Τ.

215 1174 355 1212 Jectione.
398 1173 457 1203 Tot
484 1173 579 1203 verba
608 1176 642 1202 ut
665 1183 752 1203 cassa
777 1173 934 1212 palearum

223 1221 409 1246 evanescunt
420 1217 581 1246 emendata
595 1215 851 1255 interpunctione,
866 1228 934 1256 quae

226 1269 309 1298 saepe
326 1260 357 1289 in
372 1260 458 1289 illius
489 1259 623 1289 editione
641 1260 852 1290 abominabilis
877 1266 934 1290 est.

227 1302 320 1339 Quod
332 1302 474 1332 historias
484 1302 514 1331 in
530 1303 560 1332 h.
576 1303 596 1331 l.
609 1302 728 1338 attinet,
745 1308 856 1342 praeter
869 1304 937 1333 Xe-

225 1346 421 1384 nophontem,
439 1345 490 1384 qui
513 1355 564 1375 eas
585 1345 685 1375 minus
711 1351 850 1375 accurate
867 1357 937 1386 pro-

226 1387 319 1423 didit,
333 1388 405 1417 vide
430 1388 559 1417 Diodor.
587 1387 647 1418 Sic.
667 1388 739 1417 XV.
771 1391 822 1419 95.
850 1400 934 1428 seqq.

225 1434 258 1460 et
273 1431 387 1469 Nepot.
416 1430 588 1466 Chabriam,
616 1431 697 1470 quod
727 1432 875 1470 scriptum
891 1437 936 1461 ta-

226 1482 297 1502 men
314 1477 410 1503 totum
423 1473 558 1513 jejunius
588 1473 786 1512 compilatum
810 1479 885 1512 puto
918 1485 934 1504 e

226 1515 438 1555 Theopompo.
482 1517 547 1546 Res
564 1526 696 1546 summas
713 1521 745 1545 ut
755 1517 935 1546 brevissime

228 1560 430 1597 complectar,
450 1564 522 1598 post
539 1559 660 1588 Thebas
681 1570 740 1597 ope
767 1559 935 1597 Pelopidae,

226 1600 372 1631 Mellonis
388 1602 576 1640 aliorumque
593 1602 748 1636 liberatas,
774 1606 864 1640 atque
882 1602 934 1631 Pi-

227 1654 343 1674 raeeum
366 1655 382 1673 a
411 1644 563 1683 Sphodria
589 1648 782 1683 occupatum,
816 1645 934 1673 Theba-

227 1687 273 1722 ni,
301 1687 508 1716 Athenienses
525 1692 556 1716 et
576 1687 643 1716 aliae
670 1691 778 1725 gentes
805 1687 935 1717 Graeciae

228 1729 353 1768 Olymp.
372 1733 445 1766 100,
473 1732 503 1759 4.
531 1730 715 1769 societatem·
733 1729 807 1759 belli
825 1734 936 1759 coeunt

228 1778 334 1802 contra
353 1773 611 1807 Lacedaemonios,
634 1772 685 1811 qui
702 1773 845 1802 resumtis
862 1772 935 1801 viri-

227 1816 287 1844 bus
308 1820 377 1845 tunc
394 1815 558 1854 superbius
574 1816 820 1844 dominabantur.
866 1815 934 1845 Bel-

228 1857 292 1887 lum
304 1858 496 1888 administrat
509 1858 669 1892 Chabrias,
679 1858 934 1897 quijamOlymp.

229 1903 282 1937 96,
298 1903 328 1931 4.
342 1901 422 1930 bello
440 1902 636 1931 Corinthiaco
653 1902 760 1930 ducem
778 1901 885 1930 fortem
902 1912 933 1930 se

228 1949 401 1983 praestarat,
413 1955 481 1974 cum
496 1955 532 1973 eo
545 1944 735 1979 Timotheus,
751 1944 884 1973 Cononis
902 1944 935 1973 fi-

229 1986 301 2022 lius,
317 1993 348 2017 et
367 1987 576 2023 Callistratus,
591 1989 703 2016 Orator
719 1987 793 2016 alias
811 1987 934 2016 nobilis.

228 2029 359 2065 Eodem,
378 2041 438 2069 quo
455 2030 567 2060 bellum
589 2026 713 2065 exarsit,
730 2040 808 2059 anno
832 2030 864 2059 fit
879 2040 935 2069 pu-

227 2083 285 2112 gna
300 2073 352 2102 illa
368 2074 449 2112 apud
463 2073 597 2108 Thebas,
613 2077 684 2102 noto
700 2072 841 2102 Chabriae
858 2077 935 2101 stra-

227 2119 378 2154 tegemate
398 2116 540 2155 insignis,
565 2120 595 2144 et
621 2116 816 2149 alia,eodem
844 2116 933 2151 duce,

227 2159 308 2197 apud
325 2160 446 2188 Naxum
469 2158 597 2194 navalis,
621 2160 708 2196 cujus
724 2157 852 2187 victoria
867 2158 935 2186 ubi-

228 2211 287 2240 que
304 2201 485 2236 celebratur,
508 2201 622 2239 quippe
644 2211 660 2229 a
677 2200 758 2229 bello
782 2201 936 2238 Pelopon-

227 2243 314 2273 nesio
353 2244 461 2282 prima,
492 2254 579 2282 quain
623 2243 749 2272 Albense
798 2243 934 2282 propriis

227 2286 347 2317 viribus
371 2298 407 2315 ex
429 2285 646 2315 Lac'edaemone
662 2286 843 2315 retulerunt.
862 2286 934 2315 Vid.

229 2330 359 2359 Diodor.
391 2329 468 2358 XV.
491 2332 543 2361 35.
589 2328 744 2357 Plutarch.
761 2328 881 2358 Camill.
902 2339 933 2367 p.

229 2375 302 2403 138.
321 2374 354 2401 B.
372 2376 403 2401 et
420 2372 515 2401 Phoc.
535 2382 565 2410 p.
581 2373 655 2400 744.
673 2373 708 2400 C.
739 2371 867 2401 Gra-ciae
879 2381 934 2409 po—

228 2415 294 2455 puli
311 2414 370 2445 etsi
386 2415 491 2444 LXX.
513 2415 577 2444 fere
599 2414 628 2442 in
644 2414 721 2442 illud
738 2415 837 2444 foedus
861 2424 933 2443 con-

227 2462 385 2492 venerant,
397 2462 498 2487 tamen
524 2456 741 2495 Peloponnesii
760 2461 793 2486 ut
808 2458 936 2486 accede-

228 2506 306 2536 rent,
344 2501 455 2530 adduci
481 2510 513 2530 se
540 2500 624 2539 passi
645 2509 701 2528 non
726 2504 806 2528 sunt.
854 2499 936 2529 Hinc

229 2544 344 2583 explic.
361 2543 427 2584 πρὸς
443 2543 583 2576 ἅπαντας
597 2540 834 2575 Πελοποννησίους.
858 2543 935 2572 Mox

229 2585 256 2617 ἐν
271 2587 390 2622 Θήβαις,
405 2588 443 2617 ud
463 2586 582 2616 Thebas.
628 2586 718 2623 Saepe
747 2583 774 2615 ἓν
795 2589 843 2613 est
871 2596 938 2624 pio-

225 2641 276 2669 pe,
298 2631 349 2666 ad,
381 2630 473 2669 apud.
520 2630 607 2659 Cous.
629 2629 750 2658 Ernest.
775 2628 811 2657 ad
844 2627 935 2657 Calli-

228 2673 326 2704 mach.
346 2674 389 2703 H.
413 2673 441 2702 in
461 2671 550 2702 Dian.
581 2673 655 2703 238.
701 2671 845 2709 Sequitur
861 2671 938 2700 Gor-

228 2727 337 2756 gopas,
354 2715 614 2749 Lacedaemonius,
643 2713 811 2746 ἐπιστολεὺς
832 2723 937 2742 navar-

227 2759 278 2789 chi
295 2759 449 2795 Hieracis,
465 2769 483 2787 a
501 2769 560 2797 quo
577 2757 702 2787 relictus
724 2762 789 2786 erat
804 2756 865 2794 AEg
856 2756 937 2785 inm.

228 2803 292 2832 Sed
322 2802 435 2841 legitur
469 2801 528 2830 hoc
559 2801 640 2840 apud
670 2810 760 2829 unum
790 2798 934 2837 Xenoph.

229 2845 356 2876 Hellen.
372 2845 410 2874 V.
438 2846 468 2874 1.
501 2844 531 2874 5.
556 2854 643 2882 seqq.
687 2843 758 2878 Quo
780 2852 820 2871 ex
852 2843 937 2872 sonte

229 2888 350 2918 correxi
388 2886 544 2921 Scholion,
583 2887 627 2915 sic
667 2886 759 2924 vulgo
800 2885 933 2914 lectum:

229 2928 389 2971 Στρατηγός
412 2928 441 2960 ἦν
456 2927 587 2959 Θηέαίων·
614 2940 638 2958 ον
653 2926 750 2958 κτείνει
770 2926 923 2968 Χαβςίοις’
913 2939 938 2957 εν

230 2974 323 3014 Αἰγίνη
348 2972 468 3003 ἀπιόντα
501 2970 634 3005 Βοηθησοιι
663 2970 795 3011 Εὐαγόρᾳ.
856 2971 935 3001 Dein

229 3015 284 3046 ὅσα
314 3016 338 3047 ἐν
372 3015 477 3056 Κύπρῳ
506 3014 629 3055 ‘eguinum
666 3012 784 3051 ἔστησε,
818 3014 936 3045 scilicet

580 930 779 992 ''Eumne-5
813 957 892 1002 μεν
927 957 1063 986 τοινυν
1098 932 1470 1005 Λακεδαιμονίους
1508 958 1677 1005 ναυμα-

1199 1072 1205 1079 ⁴
1246 1067 1258 1086 ²
1272 1065 1366 1106 οἴομαι
1379 1066 1420 1095 R.

969 1174 1121 1213 Evagorae
1142 1174 1304 1204 Persarum
1322 1173 1413 1203 armis
1434 1173 1532 1212 petito
1553 1174 1676 1213 publice

969 1217 998 1246 in
1015 1217 1159 1247 auxilium
1176 1216 1286 1246 missus
1299 1216 1446 1246 Chabrias
1462 1217 1534 1246 circ.
1552 1217 1676 1256 Olymp.

969 1261 1023 1294 97,
1039 1262 1071 1290 3.
1115 1261 1186 1290 Vid.
1204 1260 1335 1289 Diodor.
1351 1259 1442 1289 XIV.
1471 1261 1522 1290 98.
1546 1264 1576 1289 et
1600 1259 1676 1289 Cor-

970 1304 1029 1332 nel.
1047 1304 1127 1342 Nep.
1152 1303 1261 1333 Chabr.
1287 1312 1314 1332 c.
1333 1305 1364 1332 2.
1386 1303 1437 1332 ubi
1453 1302 1503 1331 vel
1518 1303 1567 1332 hic
1587 1303 1674 1332 locus

971 1346 1188 1376 Demosthenis
1217 1345 1365 1375 Lambino
1382 1345 1556 1375 satisfacere
1578 1345 1674 1375 debe-

970 1389 1031 1418 bat.
1074 1391 1157 1419 Μετὰ
1186 1390 1284 1418 ταῦτα
1310 1386 1335 1417 ἐν
1363 1387 1513 1427 Αἰγύπτῳ,
1536 1398 1596 1427 quo
1621 1399 1675 1418 sua

970 1436 1077 1471 sponte
1095 1437 1231 1468 venerat,
1262 1436 1293 1460 ut
1308 1430 1463 1470 'privatam
1480 1441 1602 1470 operam
1619 1431 1675 1460 ΖΕ-

971 1474 1085 1513 gyptiis
1115 1479 1251 1509 navaret,
1281 1474 1380 1511 primo
1406 1473 1530 1512 Olymp.
1553 1476 1627 1509 100,
1643 1477 1675 1504 4.

969 1517 1078 1546 iterum
1098 1520 1170 1553 104,
1187 1518 1217 1546 3.
1261 1517 1334 1546 Vid.
1348 1516 1561 1546 Diodor.XV.
1579 1519 1630 1548 29.
1644 1521 1676 1546 et

971 1561 1022 1590 9¹2.
1034 1563 1064 1588 et
1079 1559 1201 1589 Coi-nel.
1216 1560 1236 1589 l.
1252 1570 1279 1588 c.
1303 1561 1337 1588 F.
1349 1559 1384 1587 A.
1402 1560 1523 1589 WOLF.

1013 1601 1063 1630 Καὶ
1078 1602 1127 1642 ὡς]
1153 1602 1306 1631 Aristides
1327 1611 1398 1640 pag.
1425 1603 1498 1632 495.
1528 1601 1600 1630 Vol.
1628 1602 1674 1631 ΙΙ.

970 1644 1055 1673 Edit.
1080 1645 1172 1675 Jebb.
1199 1644 1247 1674 καὶ
1275 1645 1421 1683 Γοξγώπαν
1442 1643 1505 1683 (uti
1522 1643 1612 1673 etiam
1628 1644 1674 1673 le-

970 1687 1016 1724 git
1031 1687 1109 1716 Cod.
1132 1688 1207 1726 Reg.
1226 1686 1264 1726 ε.)
1279 1685 1445 1716 ἀπέκτεινεν
1461 1685 1486 1715 ἐν
1509 1684 1614 1726 Αἰγίνῃ,
1626 1686 1675 1717 καὶ

969 1728 1022 1757 ὁό-α,
1036 1728 1089 1759 ἐνῆν
1109 1730 1206 1770 ‘wethini‘
1223 1728 1343 1764 ἐποίησε,
1363 1728 1411 1757 καὶ
1430 1731 1511 1768 μετὰ
1530 1730 1628 1758 ταῦτα
1651 1728 1677 1760 ἓν

971 1771 1122 1810 Αἰγύπτῳ,
1137 1772 1184 1801 καὶ
1202 1771 1244 1802 ἔτι
1267 1783 1295 1801 κ.
1309 1784 1339 1801 τ.
1354 1778 1382 1802 λ.
1413 1772 1567 1801 Mendose
1584 1771 1673 1802 satis.

969 1815 1078 1854 Neque
1100 1816 1189 1851 enim,
1207 1816 1232 1845 si
1250 1819 1360 1844 caetera
1376 1824 1448 1844 sana
1465 1814 1674 1850 essent,istud

969 1859 1057 1897 πρώην
1073 1869 1112 1888 ex
1133 1858 1274 1888 Historia
1295 1858 1418 1887 tolerari
1447 1860 1561 1896 potest.
1585 1858 1676 1887 ΤΑΥ-

971 1910 1050 1931 Lon.

1013 1942 1148 1981 Λέγοντος
1174 1941 1260 1983 ἐμοῦ]
1285 1944 1334 1973 Ila
1357 1942 1503 1981 pungitur
1523 1942 1573 1972 hic
1588 1943 1676 1973 locus

969 1986 999 2015 in
1012 1987 1109 2016 Ediit.
1127 1986 1348 2025 superioribus.
1393 1985 1494 2022 Quam
1521 1985 1611 2014 etiam
1629 1986 1675 2015 di-

971 2029 1164 2058 stinctionem
1182 2028 1319 2067 sequitur
1335 2029 1469 2058 VVolfius
1485 2027 1513 2057 in
1525 2029 1674 2068 interpre-

968 2072 1094 2108 tatione,
1117 2072 1191 2101 licet
1212 2072 1249 2101 ad
1265 2075 1393 2101 mentem
1417 2081 1513 2100 meam
1529 2074 1676 2101 extremae

971 2114 1145 2150 Editiones,
1163 2114 1279 2148 nescio,
1307 2124 1343 2143 an
1370 2124 1454 2149 casu,
1486 2124 1521 2142 an
1544 2114 1676 2152 judicio,

970 2157 1178 2195 distinguant:
1210 2156 1309 2186 wama
1333 2166 1365 2185 τε
1391 2155 1522 2197 αἰσχύνη,
1548 2154 1676 2193 λέγοντος

969 2198 1051 2239 ἐμοῦ,
1064 2201 1161 2228 ταῦτα
1176 2199 1292 2228 ἐλάττω
1307 2199 1419 2238 φανῆναι
1432 2204 1490 2228 etc.
1514 2199 1619 2228 IDEM.

1012 2240 1130 2272 'Eva'unre
1150 2241 1205 2282 μὲν
1220 2239 1304 2271 τοίνυν
1319 2240 1549 2281 Λακεδαιμονίους
1564 2253 1675 2281 ναυμα-

968 2284 1038 2325 χίᾳ]
1055 2285 1103 2314 Ad
1126 2286 1250 2314 Naxum
1269 2285 1412 2318 insulam,
1438 2285 1477 2314 de
1501 2295 1559 2323 qua
1574 2295 1677 2324 pugna

970 2327 1071 2357 navali
1084 2327 1156 2358 vide
1173 2327 1372 2357 Plutarchum
1385 2327 1416 2357 in
1433 2327 1572 2358 Camillo.
1588 2328 1636 2358 ΡΑ
1644 2338 1679 2357 1.-

972 2381 1058 2400 MER-

1012 2411 1131 2443 Ἐνίκησε
1154 2410 1209 2453 μὲν
1222 2410 1306 2443 τοίνυν
1322 2411 1554 2453 Λακεδαιμονίους
1566 2424 1680 2453 ναυμα-

970 2453 1024 2497 χίᾳ
1038 2456 1096 2497 -]
1122 2456 1216 2486 Plura
1239 2456 1297 2485 hoc
1319 2456 1351 2485 in
1368 2455 1436 2485 loeo
1460 2456 1591 2486 oratorie
1621 2466 1676 2485 ex-

972 2504 1115 2537 aggeiata
1140 2510 1208 2529 esse
1240 2499 1278 2528 ad
1306 2498 1469 2528 Chabriam
1497 2499 1677 2534 ornandum,

973 2542 1176 2580 suspicionem
1215 2546 1350 2576 movent,
1376 2551 1442 2580 quae
1472 2542 1577 2580 paullo
1607 2546 1678 2580 post

970 2584 1113 2623 leguntur
1129 2585 1167 2615 de
1189 2585 1273 2614 nulla
1296 2585 1383 2621 urbe,
1404 2584 1488 2613 nulla
1513 2583 1594 2620 navi,
1610 2584 1678 2613 nul-

971 2627 1001 2655 lo
1028 2628 1138 2663 milite,
1177 2628 1272 2657 ductu
1303 2627 1387 2656 illius
1417 2626 1546 2656 amissis.
1586 2606 1678 2656 ’Talia

971 2670 1036 2699 haec
1069 2675 1151 2705 sunt,
1179 2681 1246 2709 quae
1271 2674 1344 2708 post
1371 2669 1525 2698 hominum
1562 2679 1677 2699 memo-

971 2713 1047 2742 riam
1070 2713 1144 2742 nulli
1159 2723 1288 2752 unquam
1302 2723 1338 2741 ne
1355 2710 1536 2741 felicissimo
1550 2712 1675 2750 quidem

971 2756 1042 2784 duci
1072 2756 1276 2795 contigerunt.
1336 2755 1441 2783 Potest
1470 2758 1571 2784 antem
1599 2754 1677 2790 fieri,

971 2803 1005 2826 ut
1028 2809 1087 2833 res,
1103 2809 1177 2837 quas
1201 2798 1292 2828 hodie
1308 2796 1494 2836 ignoramus,
1516 2797 1677 2836 splendida

971 2840 1036 2870 haec
1051 2842 1209 2871 mendacia
1231 2839 1466 2869 Atheniensibus
1482 2839 1676 2869 verisimilio-

970 2893 1006 2913 ra
1019 2884 1145 2914 fecerint
1161 2894 1169 2921 3
1190 2894 1246 2912 nec
1264 2893 1336 2912 sane
1362 2883 1509 2912 rationem
1532 2883 1678 2912 narratio-

970 2927 1018 2956 nis
1035 2927 1123 2965 hujus
1139 2926 1169 2956 in
1187 2925 1325 2955 omnibus
1351 2926 1513 2964 explorare
1530 2924 1617 2955 nobis
1638 2925 1678 2955 li·

971 2973 1030 2999 cet.
1077 2969 1163 3000 Conf.
1192 2969 1381 3007 VVesseling.
1397 2972 1459 2999 not.
1483 2968 1521 2998 ad
1546 2968 1678 2999 Diodor-

970 3013 1005 3043 T.
1021 3013 1065 3043 11.
1081 3023 1111 3052 p.
1127 3013 1227 3043 ν9.1«’.
1244 3012 1282 3042 A.
1300 3011 1419 3042 VVonr.

1703 656 1783 691 480
