1928 3284
264 185 376 237 354

262 311 522 358 praeterquam
543 307 580 346 in
598 308 726 360 Lysia,
742 310 809 360 qui
831 316 934 347 totus
952 310 1103 348 subtilis
1118 317 1190 357 est,
1204 310 1387 349 invenias.
1424 310 1547 360 Cujus
1562 308 1713 347 virtutis

263 368 330 418 qui
346 368 420 405 vim
441 374 481 406 et
500 368 766 409 difficultatem
787 371 984 420 cognovit,
1006 385 1131 421 neque
1153 373 1290 417 nescit,
1313 372 1447 422 quanti
1463 384 1546 409 eam
1568 376 1713 409 veteres

263 428 505 475 aestimarim,
526 444 703 482 magnum
724 444 813 469 sane
835 432 993 481 putabit
1014 432 1215 471 Ciceronis
1236 432 1517 477 testimonium,
1538 431 1713 469 nomina-

261 489 332 527 tim
352 490 450 528 hanc
473 491 698 530 Orationem
720 493 770 530 ab
800 493 872 530 hac
894 498 1003 542 parte
1029 493 1256 533 laudantis.‘¹
1312 495 1390 532 Sed
1411 494 1478 532 illa
1496 493 1617 531 virtus
1637 504 1715 530 non

259 551 334 590 nisi
358 552 408 590 ab
428 565 475 590 eo
494 553 745 591 animadverti
765 557 907 603 potest,
928 554 995 603 qui
1020 554 1128 592 tritas
1148 555 1322 593 notando
1342 554 1502 606 proprio
1522 553 1716 603 cujusque

263 614 415 663 generis
435 627 533 652 sono
566 627 677 652 aures
712 614 849 652 affert:
872 620 912 652 at
933 614 1131 653 veritatem
1152 621 1190 653 et
1210 616 1528 666 pulcritudinem,
1550 621 1588 652 et
1607 614 1718 652 nobi-

262 675 408 713 litatem
449 675 726 713 sententiarum
761 675 875 714 etiam
909 675 1106 714 indoctior
1137 677 1275 714 sentiat
1303 683 1469 727 oportet.
1526 676 1717 714 Oriuntur

261 742 390 774 autem
411 736 496 774 haec
515 750 561 773 ex
581 737 775 775 communi
801 737 909 775 fonte
930 750 1077 782 eorum,
1111 750 1199 787 quae
1230 737 1270 774 in
1300 737 1524 788 eloquentia
1553 737 1716 774 maxime

261 797 441 843 eminent,
472 797 601 835 animo
635 803 778 844 erecto,
806 798 970 844 liberal-i,
996 804 1035 836 et
1069 811 1129 848 ea,
1157 811 1244 849 quae
1277 799 1413 848 vulgus
1439 798 1566 848 ampla
1592 798 1715 844 ducit,

261 865 558 897 contemnente:
581 859 620 897 id
643 859 750 911 quod
771 860 957 911 imprimis
977 873 1023 897 ex
1044 859 1088 897 iis
1109 860 1205 898 locis
1225 860 1465 910 intelligitur,
1484 859 1550 896 ubi
1572 860 1716 897 Orator

260 920 507 958 sanctitatem
529 919 622 959 fidei
653 927 772 971 atque
793 922 976 959 honorem
999 921 1183 971 Reipubl.
1202 921 1340 959 ceteris
1360 920 1573 959 rationibus
1592 920 1715 958 omni-

258 980 331 1019 bus
363 982 673 1032 anteponendam
705 996 788 1021 esse
818 982 945 1020 docet.
1007 981 1136 1030 Hujus
1157 995 1247 1019 vero
1276 982 1465 1020 doctrinae
1492 981 1623 1019 omnia
1652 981 1715 1020 hic

256 1043 373 1094 plena
401 1050 504 1089 sunt,
526 1044 576 1081 ad
602 1057 780 1093 eamque,
803 1042 996 1093 quidquid
1025 1043 1232 1093 profertur,
1252 1043 1476 1081 revolvitur.
1535 1044 1716 1092 Quapro-

258 1109 346 1154 pter
365 1117 441 1142 non
463 1105 600 1142 mirum
627 1111 698 1150 est,
720 1105 827 1154 quod
850 1103 1078 1141 Orationem
1098 1103 1235 1141 eximie
1255 1103 1447 1153 placuisse
1467 1103 1627 1154 legimus
1646 1104 1716 1141 Pa-

256 1166 391 1211 naetio,
413 1165 558 1212 Stoico,
578 1165 727 1203 scilieet
747 1178 865 1215 quern
885 1165 935 1203 ad
957 1165 1195 1203 honestatem
1212 1179 1259 1202 ex
1274 1165 1481 1215 praeceptis
1497 1165 1713 1215 disciplinae

259 1240 338 1265 suae
358 1227 486 1265 omnia
505 1226 694 1274 retulisse,
714 1226 818 1264 illam
839 1227 878 1264 in
902 1225 1006 1264 omni
1026 1225 1193 1271 actione,
1215 1225 1332 1263 etiam
1352 1232 1590 1276 repugnante
1611 1226 1715 1264 utili-

261 1294 354 1335 tate,
373 1289 610 1340 sequendam
631 1294 789 1340 putasse
811 1293 994 1327 constat.e

310 1352 396 1389 Jam
416 1364 506 1388 vero
527 1357 674 1401 quanta
695 1351 750 1389 vis
769 1356 809 1389 et
827 1351 993 1401 gravitas
1021 1350 1120 1388 inest
1138 1350 1390 1401 argumentis,
1413 1349 1557 1401 quibus
1587 1363 1610 1388 a
1635 1350 1716 1388 De-

259 1413 459 1451 mosthene
495 1412 714 1451 adversaria
746 1413 845 1451 ratio
877 1411 1090 1451 refellitur!
1131 1412 1379 1450 Commotum
1409 1417 1449 1450 te
1484 1411 1658 1459 sentires,
1685 1411 1717 1449 si

253 1475 411 1525 judices
432 1488 510 1513 non
539 1475 752 1514 secundum
781 1476 885 1513 hunc
906 1474 1181 1521 decrevissent,
1203 1473 1418 1525 praesertim
1448 1487 1567 1523 quum
1597 1473 1718 1524 gravi-

257 1542 376 1574 tatem
399 1536 503 1574 illam
536 1536 679 1587 ubique
703 1549 841 1586 magna
874 1535 910 1573 in
947 1535 1162 1574 refellendo
1192 1536 1347 1574 lenitate
1373 1533 1610 1584 temperarit.
1667 1533 1715 1571 Id

261 1597 369 1648 quod
399 1598 642 1636 mirabuntur
666 1597 831 1636 fortasse
853 1597 892 1643 ii,
914 1597 981 1647 qui
1011 1598 1230 1643 audierunt,
1261 1609 1339 1634 rem
1370 1596 1447 1633 rari
1477 1595 1583 1645 apud
1615 1595 1717 1633 hunc

257 1660 425 1710 exempli
440 1673 535 1698 esse.
594 1659 672 1697 Sed
692 1660 914 1703 Oratorem,
940 1658 1006 1708 qui
1023 1658 1116 1696 nihil
1137 1659 1376 1701 indecorum,
1397 1656 1493 1694 nihil
1512 1656 1678 1694 alienum
1694 1669 1718 1695 a

257 1728 434 1772 tempore
458 1722 581 1759 moliri
604 1727 822 1767 consuerat,
843 1720 919 1758 alia
947 1732 1050 1758 nunc
1077 1720 1240 1758 fortasse
1270 1719 1319 1757 ad
1350 1718 1652 1756 moderationem
1679 1723 1717 1756 et

257 1784 455 1822 lenitatem
476 1782 631 1821 flectere
649 1781 887 1833 potuerunt‚‘
904 1788 943 1821 et
967 1795 1058 1820 vero
1086 1782 1222 1820 debuit
1250 1779 1460 1819 adversarii
1480 1780 1603 1830 ipsius
1630 1793 1718 1830 per.

258 1857 366 1890 sona,
388 1850 428 1882 et
457 1857 604 1890 eorum,
626 1845 693 1894 qui
718 1843 768 1881 ad
792 1844 876 1894 ejus
896 1856 1073 1882 caussam
1095 1842 1380 1881 defendendam
1406 1841 1551 1879 delecti
1569 1848 1714 1888 essent,

259 1913 354 1944 aetas
376 1911 492 1956 atque
517 1906 766 1943 auctoritas.⁸
820 1904 910 1955 Ipse
933 1904 1092 1955 quidem
1119 1904 1303 1954 Leptines
1326 1903 1412 1953 quis
1432 1901 1563 1948 fuerit,
1590 1901 1716 1940 nesci-

257 1981 341 2005 mus
355 1965 382 2005 :¹¹
408 1968 487 2005 veri
514 1973 641 2005 tamen
657 1966 851 2017 persimile
871 1971 983 2017 puto,
1005 1966 1198 2004 hominem
1218 1965 1255 2002 in
1276 1964 1432 2002 civitate
1452 1968 1650 2013 potentem
1675 1968 1715 2001 et

694 202 853 244 FRID.
885 202 1024 245 AUG.
1058 202 1276 246 WOLFII

300 2072 315 2093 d
329 2073 413 2103 Orat.
428 2073 466 2102 ad
479 2073 525 2102 M.
543 2073 628 2102 Brut.
649 2081 674 2100 c.
691 2073 743 2102 31.
780 2070 886 2101 Multae
899 2076 966 2100 sunt

258 2114 456 2145 Demosthenis
479 2121 543 2145 totae.
583 2115 737 2144 Orationes
767 2113 893 2148 subtiles,
931 2118 966 2142 ut

255 2164 359 2187 contra
373 2157 542 2196 Leptinem:
576 2157 676 2186 multa>
704 2162 769 2186 totae
793 2166 908 2195 graves,
931 2161 966 2185 ut

255 2201 386 2240 quaedam
401 2199 589 2239 Philippicae:
618 2199 718 2229 multae
734 2200 833 2233 variae,
848 2204 883 2228 ut
898 2209 965 2228 con-

257 2249 305 2273 tra
320 2242 495 2279 AEschinem,
512 2241 603 2283 fulsae
618 2242 785 2282 legationis,
807 2248 843 2271 ut
865 2246 967 2271 contra

255 2287 390 2321 eundem,
401 2295 570 2324 pro-caussa
583 2284 784 2323 Ctesiphontis.
831 2285 879 2314 De
895 2285 966 2313 sub-

256 2329 369 2358 tilitate
384 2328 639 2367 orationis,quam
664 2328 766 2357 Graeci
788 2327 896 2357 dicunt
918 2325 965 2356 λέ-

255 2372 296 2411 ξιν
310 2372 398 2406 λιτήν,
414 2371 521 2412 ἷσ-χνῆν,
537 2372 639 2410 ἀφελῆ,
655 2370 807 2401 videndus
830 2381 847 2400 a
866 2371 965 2400 tirone

255 2415 346 2453 impr.
374 2415 483 2444 Cicero
499 2415 585 2443 Orat.
610 2425 637 2444 c.
656 2415 707 2443 93.
724 2424 810 2452 seqq.
832 2413 882 2443 vel
906 2414 965 2443 Er-

256 2462 336 2488 nest.
352 2457 425 2486 Init.
444 2457 558 2487 rhetor.
574 2457 599 2497 §.
617 2458 692 2486 397.
717 2457 767 2495 qui
792 2466 847 2485 sua
864 2455 965 2485 omnia

257 2510 275 2529 a
290 2499 438 2530 Cicerone
456 2499 574 2529 sumsit.
619 2499 755 2529 Fuerunt
769 2499 853 2534 olim,
867 2499 919 2539 qui
933 2499 964 2528 in

257 2553 293 2572 ea
318 2543 383 2572 sola
408 2543 546 2573 Atticum
570 2542 772 2571 characterem
805 2545 962 2580 ponerent.

255 2586 345 2616 Tanti
357 2595 406 2615 res
418 2585 592 2615 videbatur.

300 2634 314 2650 e
330 2628 482 2658 Plutarch.
498 2629 528 2658 in
541 2628 697 2659 Demosth.
710 2627 735 2667 ᾗ.
748 2625 795 2665 ιγ’.
806 2626 964 2661 Παναίτιος,

255 2672 268 2702 ὅ
283 2670 445 2711 φιλόσοφος,
464 2671 511 2700 καὶ
532 2673 586 2700 τῶν
601 2672 687 2709 λόγων
702 2670 786 2700 ata-rofi
798 2669 882 2708 <pne-lv
895 2668 965 2698 οὕτω

253 2713 412 2754 γεγςάφθαι
427 2725 491 2748 τους
503 2714 667 2749 πλείστους,
677 2714 711 2747 ὡς
723 2712 802 2752 μόνον
813 2712 862 2741 τοῦ
877 2713 964 2741 καλοῦ

255 2755 290 2786 δι’
305 2755 373 2786 αὐτὸ
385 2756 490 2796 αἱρετοῦ
506 2768 589 2791 οντος,
610 2755 655 2785 τὸν
670 2756 738 2796 weg}
751 2756 801 2785 τοῦ
815 2755 965 2794 στεφάνου,

256 2810 302 2829 ’7ον
328 2801 406 2828 κατὰ
426 2797 666 2839 Αριστθκξάτῦυς,
697 2810 755 2828 ’τον
783 2797 874 2837 υωὲξ
901 2799 965 2826 ’Τῶν

256 2842 445 2876 ἀτελειῶν,
468 2854 531 2876 τους
545 2841 739 2875 Φιλιππικούς·
764 2839 788 2870 ἐν
810 2852 848 2874 osc
878 2841 966 2870 πᾶσιν

257 2885 285 2913 οὗ
298 2883 363 2923 πρὸς
379 2883 411 2913 τό
426 2884 560 2915 'adzo-'rou
549 2898 563 2915 η
580 2884 680 2925 figito-ror
694 2883 708 2914 ἢ
723 2882 966 2916 λυσιτελέστατον

256 2926 318 2964 ἄγει
336 2938 399 2960 τους
413 2927 545 2962 πολίτας,
558 2928 637 2957 ἀλλά
651 2928 802 2967 πολλαχοῦ
812 2928 858 2957 τὴν
867 2926 965 2966 ἀσφά-

257 2975 332 2999 λειαν
347 2969 394 2999 καὶ
414 2971 461 3000 τὴν
476 2968 610 3011 σωτηρίαν
635 2970 722 3000 οἴεται
738 2970 790 3000 δεῖν
805 2968 830 2999 ἐν
853 2967 966 3009 δευτέςᾳ

1002 2069 1083 2108 τάξει
1116 2069 1166 2099 τοῦ
1198 2069 1287 2098 καλοῦ
1311 2066 1462 2098 ποιεῖσθαι
1491 2065 1539 2096 καὶ
1569 2066 1618 2095 τοῦ
1648 2064 1713 2106 vrgi-

1004 2123 1119 2145 ωοντος.

1042 2153 1054 2175 f
1068 2154 1162 2184 Verbi
1175 2164 1293 2189 caussa,
1309 2153 1391 2192 quod
1407 2150 1552 2190 Leptines
1568 2160 1639 2181 rens
1653 2161 1712 2181 non

1001 2202 1076 2227 erat.
1122 2198 1193 2227 Hoo
1211 2196 1285 2235 quid
1301 2196 1353 2231 sit,
1369 2198 1478 2234 postea
1494 2193 1668 2232 explicabo.

1042 2246 1058 2267 g
1076 2241 1123 2269 De
1145 2239 1291 2281 Syndicis
1310 2239 1433 2277 loquor,
1447 2238 1486 2267 de
1502 2247 1631 2275 quorum
1646 2246 1710 2266 mu-

999 2293 1070 2312 nere
1087 2282 1177 2322 plura
1192 2282 1294 2321 paullo
1313 2292 1397 2315 mox,
1411 2286 1442 2310 et
1456 2279 1488 2309 in
1504 2280 1711 2309 commentar.

999 2326 1083 2366 ad§.
1111 2324 1170 2358 λβζ
1198 2335 1284 2364 seqq.
1345 2323 1443 2353 Simul
1469 2322 1712 2362 magnitudinem

999 2379 1117 2398 caussae
1133 2373 1264 2407 arguunt
1280 2367 1357 2397 tales
1374 2373 1496 2404 tamque
1520 2365 1595 2395 clari
1618 2364 1678 2394 viri
1694 2375 1712 2394 a

999 2412 1120 2450 Populo
1138 2412 1176 2440 ad
1190 2410 1221 2440 id
1232 2420 1341 2440 munus
1355 2409 1482 2439 delecti.

1041 2454 1056 2474 ¹¹
1071 2455 1119 2484 An
1142 2454 1169 2483 is
1189 2454 1228 2483 sit
1252 2452 1388 2486 Λεπτίνης
1412 2452 1425 2481 ὅ
1451 2450 1483 2480 ἐκ
1510 2448 1606 2484 Κοίλης
1621 2460 1711 2489 quem

999 2500 1215 2527 commemorat
1230 2496 1391 2526 Demosth.
1404 2493 1576 2523 inAndrot.
1588 2503 1618 2531 p.
1636 2495 1710 2523 611.

999 2541 1047 2569 ed.
1065 2540 1106 2569 R.
1126 2544 1178 2569 aut
1193 2538 1257 2574 ille,
1274 2548 1363 2577 quem
1388 2536 1546 2566 inimicum
1568 2535 1709 2565 AEschini

998 2582 1118 2613 inducit
1146 2582 1225 2611 huno
1249 2586 1403 2611 auctorem
1428 2579 1578 2608 mentiens
1606 2578 1709 2617 Epist.

998 2627 1028 2656 5
1046 2630 1139 2660 extr„
1155 2634 1243 2654 nemo
1259 2623 1387 2657 dixerit,
1413 2621 1472 2651 nisi
1493 2620 1546 2660 qui
1562 2620 1602 2650 sit
1626 2620 1709 2650 divi-

1000 2678 1065 2698 nus.
1110 2667 1328 2697 Videriautem
1343 2669 1445 2704 potest
1463 2664 1544 2693 idem
1561 2672 1642 2698 esse,
1655 2673 1711 2692 cu-

993 2712 1045 2749 jus
1059 2710 1174 2740 dictum
1187 2710 1340 2748 quoddam
1359 2708 1453 2737 refert
1463 2706 1594 2736 Aristot.
1615 2706 1709 2736 Rhet.

998 2754 1135 2784 111.10.
1153 2753 1234 2782 med.
1281 2752 1373 2788 Quod
1400 2749 1554 2788 pertinere
1578 2748 1709 2786 conjicio

999 2797 1034 2825 ad
1064 2800 1214 2834 tempora,
1244 2804 1375 2834 pugnam
1408 2792 1600 2822 Leuctricam
1629 2791 1709 2820 inse-

998 2844 1077 2869 cuta.
1121 2839 1181 2868 Sed
1196 2839 1275 2876 quod
1292 2837 1345 2867 ille
1362 2837 1491 2866 sortasse
1514 2834 1632 2873 primus
1661 2834 1708 2863 di-

998 2885 1096 2916 xerat,
1122 2881 1256 2910 Athenas
1272 2885 1302 2910 et
1320 2879 1568 2909 Lacedaemonem
1593 2875 1708 2905 ocellos

998 2923 1127 2955 Graeciae
1150 2933 1230 2959 esse,
1253 2923 1284 2952 id
1311 2923 1422 2951 deinde
1452 2930 1534 2959 saepe
1561 2919 1600 2949 ad
1631 2917 1708 2947 alios

997 2967 1132 3002 transiit,
1147 2966 1227 2997 unde
1245 2976 1324 2997 nuno
1339 2965 1369 2996 in
1399 2963 1576 3004 vulgaribus
1591 2960 1706 2992 libellis
