1928 3284
236 209 344 266 492

242 353 343 399 υμῖν
389 353 474 419 ΕΙῪω
526 326 812 421 Ηπαξὲἔθμαί
847 350 1068 418 μαρτυξα.

608 212 1291 258 ΔΗΜΟΣΘΕΝΟΥΣ

1148 323 1347 419 Γράφων
1374 323 1465 392 γοῖρ
1505 324 1690 420 Ωαῖξχῆν

245 403 323 455 τοῦ
373 402 515 473 νόμου,
560 402 856 463 Λεπτίνης
913 424 1070 463 saw-e,
1126 399 1272 464 φησιν,
1323 396 1479 458 ὅπως
1527 400 1590 452 οἳν
1643 402 1690 454 οἷ

248 479 687 530 whom-canonos
720 493 1149 566 λειτιζυργωσι,
1207 472 1415 545 μηδενα

1477 472 1694 538 Scirem}

248 549 410 614 εἶναι,
461 550 614 612 πλὴν
669 575 771 602 των
829 549 916 614 οἷφ
963 546 1253 643 Αρμοδῖου
1299 572 1398 601 και
1443 547 1695 642 Αριστο-

246 648 518 691 γειτονος.
600 624 784 687 Καίτοι,
823 623 858 675 εἷ
900 623 947 684 ’ἧν

1392 620 1412 638 >l

993 624 1106 716 ἶεξων
1147 623 1357 675 αἶτελειαν
1393 646 1509 689 εχειν
1546 646 1692 675 ταυτο

247 723 326 751 και
353 714 650 794 λειτῗυργιων,
678 724 724 750 τι
753 723 884 751 τουτο
910 698 1075 768 μαθων
1101 696 1431 791 προςεγραῲεν·
1419 738 1433 756 ,
1461 695 1576 749 Ουδε
1600 696 1695 781 ’γάρ

248 797 415 832 ΤΟυΤΟίς
434 775 620 826 anhela
648 798 733 825 Των
760 797 814 839 ’γε
843 773 958 841 ἱερων
979 796 1078 825 ΕΟἻἹ
1063 770 1313 841 Ηδέδομένη.

1343 770 1443 822 '111ae
1470 769 1512 822 δε
1534 769 1694 834 εἷὸἦτε,

246 872 311 898 OT!
348 848 503 900 Ταῦτα
531 872 684 900 TOUTOV
713 872 806 914 ἕχει
834 871 909 899 TOV
936 871 1118 915 ΤρΟΖῦὋν,
1145 844 1267 908 λαβὲ
1297 870 1372 917 μοι
1409 869 1586 913 πρῶτον
1617 869 1698 915 μεν

331 972 340 990 ¹
357 971 587 1012 παρασχησομαι
603 973 639 1000 Τ.

275 1062 386 1103 Γράφων
400 1064 455 1103 γὰρ
468 1064 554 1103 ἀρχὴν
565 1064 614 1092 τοῦ
631 1062 722 1101 νόμου,
731 1061 867 1095 Λεπτίνης
878 1060 951 1096 εἶπε,

245 1104 343 1146 φησὶν]
368 1106 580 1135 Construendo
598 1107 692 1144 junge
716 1105 822 1140 verba,
844 1105 954 1145 γράφων

245 1152 277 1177 et
287 1147 379 1186 φησῖν,
394 1153 422 1177 at
433 1149 520 1189 ἀρχὴν
532 1149 648 1178 dictum
661 1152 736 1187 puta
747 1148 885 1177 absolute
897 1157 953 1186 pro

243 1188 270 1219 ἐν
285 1191 373 1232 ἄρχῃ.
405 1191 555 1230 Exempla
568 1191 654 1221 vocis
669 1192 756 1232 ἀρχὴν
769 1191 813 1220 sic
830 1191 895 1220 sine
908 1201 954 1219 ar-

243 1233 340 1263 ticulo
360 1234 468 1273 positae
490 1234 577 1264 dedit
591 1235 728 1273 Lennep.
744 1234 783 1263 ad
798 1233 955 1263 Phalarid.

247 1277 328 1316 Epp.
344 1287 375 1315 p.
394 1279 445 1307 83.
469 1277 541 1307 Alia
551 1277 629 1307 ratio
645 1281 692 1306 est
702 1276 824 1313 deinde,
839 1277 892 1306 ubi
908 1276 955 1306 bis

245 1319 359 1358 legitur
372 1322 421 1351 τῆν
435 1321 523 1361 ἀρχὴν
536 1321 586 1350 τοῦ
602 1319 695 1358 νόμου.
732 1321 780 1350 Ita
795 1321 853 1350 hoc
866 1320 955 1350 indu-

247 1371 317 1392 cere
333 1373 392 1392 non
408 1364 540 1393 debebat
557 1363 714 1393 Reiskium
730 1368 762 1392 et
779 1363 907 1401 Augen,
923 1367 957 1392 ut

244 1405 296 1477 {iic
311 1416 431 1445 quoque
441 1411 600 1445 ponerent,
613 1407 724 1447 γράφων
735 1408 788 1446 γὰρ
798 1408 845 1437 τὶν
858 1406 954 1447 ἀρχήν.

266 1458 351 1478 DEM.

289 1491 325 1521 Τί
336 1492 421 1522 τοῦτο
435 1491 544 1532 μαθὼν
557 1489 774 1532 ’ω’ςοσέγξαψεν]
796 1492 832 1522 Τι’
846 1490 958 1531 μαθὼν,

246 1533 394 1571 τουτέστι,
419 1534 443 1564 δῖ
469 1536 562 1564 ηντινα
584 1533 697 1571 αἰτίαν,
719 1534 772 1564 ’τίνι
805 1535 954 1573 λογισμῷ;

247 1577 326 1606 sicut
347 1576 378 1606 τί
387 1558 498 1612 ἶπαθὼν,
513 1578 558 1607 διὰ
573 1577 603 1606 τί
619 1577 723 1614 midos-3
744 1576 774 1606 τί
793 1576 846 1608 {vr
834 1578 889 1616 Ἶξεν
907 1578 957 1607 αὖ·

245 1618 308 1656 τὸν;
319 1621 440 1651 Wom.
458 1621 506 1650 Cl.
517 1620 718 1650 Marklandus
730 1619 843 1650 πειθὼ
837 1632 849 1649 ν
860 1621 903 1659 (V
907 1620 957 1649 ide

245 1662 283 1691 ad
296 1662 322 1701 §.
337 1662 383 1695 ιβ’.
387 1662 402 1704 )
413 1663 458 1693 uti
469 1663 499 1692 in
512 1663 646 1702 margine
660 1662 840 1692 Parisiensi.
867 1664 915 1692 ΤΑ
922 1673 958 1692 Y-

248 1715 329 1735 Lon.

290 1747 327 1777 Τι’
355 1758 438 1777 τουτο
470 1746 570 1787 μαθὼν
603 1745 802 1797 προςὲγραψεν]
841 1748 957 1777 Levem

247 1792 458 1829 trajectionem
488 1792 662 1826 verborum,
691 1788 722 1819 τί
743 1789 850 1829 μαθὼν
875 1791 959 1819 τοῦτο

250 1844 323 1873 ἀι-ξος
326 1832 456 1874 έγξαψεν,
496 1833 609 1864 cursim
649 1838 776 1871 tangere
820 1832 959 1862 sufficiat.

249 1877 339 1906 Conf.
356 1881 417 1906 not.
433 1876 459 1916 ς.
476 1877 510 1906 ni.
546 1877 621 1906 Tam
637 1876 743 1914 paucis
759 1886 834 1905 vero
849 1885 907 1904 non
922 1875 961 1905 li-

249 1924 300 1948 cet
321 1920 409 1950 nobis
428 1919 555 1958 defungi
578 1920 609 1949 in
634 1918 773 1954 formula,
798 1917 830 1948 τί
852 1916 962 1958 μαθών.

249 1962 373 2002 Quippe
388 1963 468 1992 hane
478 1962 623 1992 librorum
635 1962 780 1996 omnium,
790 1966 822 1991 et
832 1961 961 2000 scripto-

249 2016 326 2041 rum,
341 2010 372 2035 et
384 2006 617 2045 impressorum,
631 2005 796 2035 lectionem
816 2004 964 2034 sollicitat

250 2049 281 2078 iu
297 2049 398 2088 Marg.
414 2059 469 2078 suo
487 2049 664 2083 Lambinus,
688 2047 802 2088 quique
817 2048 897 2077 hunc
913 2058 962 2077 se-

252 2092 367 2130 quitur,
384 2092 595 2127 Marklandus,
605 2091 765 2130 proposita
773 2092 962 2129 conjectura,

250 2134 280 2163 τί
294 2136 379 2164 τοῦτο
391 2133 510 2164 παθών.
540 2135 642 2173 Atque
658 2134 716 2163 hoc
731 2134 831 2172 ipsum
846 2133 877 2162 in
893 2134 962 2163 Ari-

252 2177 409 2217 stophane,
417 2178 537 2216 quoties
546 2176 577 2206 τί
586 2176 692 2216 μαθὼν
701 2177 845 2212 occurrit,
857 2177 962 2215 reponi

249 2221 338 2259 jubet
353 2220 540 2255 Brunckius,
556 2221 647 2250 etiam
667 2219 792 2259 optimis
813 2219 904 2249 codd.
920 2219 963 2248 in-

252 2263 338 2297 vitis,
352 2263 456 2301 potius
470 2262 500 2292 in
515 2262 685 2292 difficiliore
700 2262 853 2301 scriptura
872 2263 962 2301 plane

253 2306 524 2340 consentientibus,
535 2309 627 2344 atque
643 2305 669 2334 is
680 2305 723 2334 ita
736 2305 850 2343 ubique
865 2305 963 2344 loqui-

255 2353 314 2385 tur,
340 2354 372 2378 ut
392 2347 560 2388 periculum
581 2348 631 2383 sit,
654 2358 690 2377 ne
710 2350 789 2378 bona
805 2348 930 2384 locutio,
946 2358 963 2377 a

253 2392 346 2422 tantis
363 2391 438 2421 viris
455 2391 484 2420 in
501 2391 626 2421 dubium
644 2396 762 2426 vocata,
777 2402 816 2420 ex
831 2392 963 2421 auctori-

253 2435 312 2464 bus
328 2434 488 2473 aliquando
504 2433 654 2473 ejiciatur,
670 2438 702 2463 et
722 2445 739 2463 e
762 2434 888 2464 civitate
908 2435 962 2464 de-

256 2479 405 2507 turbetur.
445 2477 518 2506 vid.
541 2477 599 2507 viri
622 2476 790 2506 acutissimi
814 2482 901 2506 notas
925 2479 963 2507 ad

256 2520 414 2559 Aristopb.
427 2520 510 2550 Plut.
521 2522 594 2551 908.
620 2519 751 2559 Lysistr.
763 2522 836 2551 599.
859 2520 962 2550 Nubb.

258 2565 352 2594 1507.
377 2563 472 2602 Vesp.
488 2565 560 2593 251.
582 2563 714 2592 Acharn.
731 2565 803 2593 8026.
847 2564 962 2592 Forsan

256 2616 330 2643 ergo
354 2616 413 2635 non
437 2606 554 2644 ingrata
578 2605 745 2635 lectoribus
770 2610 870 2641 erunt,
897 2616 963 2644 quae

256 2649 295 2678 ad
310 2649 415 2678 harum
438 2649 634 2678 formularum
656 2648 718 2677 vim
739 2650 964 2678 monstrandam

257 2691 416 2721 additurus
432 2702 511 2727 sum,
526 2696 559 2721 ut
575 2702 661 2730 quam
678 2701 767 2720 nemo
782 2692 871 2726 alius,
883 2693 965 2730 quod

258 2734 364 2771 seiam,
378 2739 460 2764 recte
475 2734 669 2773 explicuerit.
716 2734 792 2763 Nam
816 2738 897 2769 sunt,
914 2734 965 2772 qui

258 2781 431 2815 utrumque,
452 2775 482 2806 τί
505 2776 600 2806 παθὼν
619 2781 650 2807 et
671 2776 700 2805 τί
719 2776 835 2816 μαθὼν,
853 2777 966 2816 promi-

258 2830 330 2849 scue
345 2820 382 2849 ab
393 2820 504 2849 Atticis
519 2820 582 2850 dici
599 2824 706 2859 putent
721 2831 776 2858 pro
786 2819 915 2858 simplici
925 2820 966 2856 τί,

259 2872 358 2902 quare,
379 2873 435 2901 qua
455 2863 490 2892 de
504 2873 591 2892 causa
603 2864 617 2891 2
638 2864 680 2892 Ut
698 2861 851 2892 Kiisterus
868 2863 905 2892 ad
922 2863 966 2892 lo·

258 2916 326 2935 cum
344 2905 438 2939 Pluti,
454 2906 488 2934 L.
507 2906 571 2934 Bos
591 2905 754 2935 Animadv.
778 2906 816 2934 ad
840 2906 965 2944 Scriptt.

261 2946 316 2977 Gr.
335 2959 365 2985 p.
382 2950 433 2979 97.
447 2953 478 2977 et
496 2950 566 2979 192.
584 2953 612 2978 et
636 2948 697 2977 alii.
743 2948 891 2977 Reiskius
915 2959 966 2978 au-

257 2994 330 3026 tem,
350 2991 517 3020 laudandus
539 2991 641 3030 utique
667 2991 736 3026 hoc,
761 2992 841 3029 quod
860 2992 964 3021 Mark-

835 970 847 988 2
862 970 957 999 *τὴν
943 972 1040 1010 αξχῆν,
1059 970 1098 999 R.

1315 971 1328 988 ³
1315 969 1434 998 3ἀτελη
1448 965 1553 1007 μηδένα.
1570 967 1611 997 R.

985 1061 1077 1091 lando
1093 1071 1153 1091 non
1170 1059 1282 1099 paruit,
1297 1061 1328 1089 in
1343 1061 1458 1099 Appar.
1480 1060 1517 1089 ad
1540 1059 1698 1089 Demosth-

986 1104 1021 1133 Τ.
1038 1104 1101 1133 11Ι.
1116 1115 1149 1143 p.
1166 1106 1259 1134 1981.
1272 1103 1413 1138 alterum,
1429 1101 1459 1133 τί
1472 1102 1589 1142 μαθὼν,
1604 1103 1699 1132 altero

987 1147 1143 1176 contendit
1163 1146 1261 1185 magis
1284 1156 1351 1175 esse
1378 1145 1524 1175 Atticum.
1568 1144 1700 1184 Propius

990 1189 1150 1219 veritatem
1173 1188 1293 1219 accedit
1319 1187 1444 1218 Bisetus
1468 1188 1499 1217 in
1530 1188 1634 1217 Schol.
1661 1187 1700 1217 ad

990 1233 1093 1262 Nubb.
1108 1233 1128 1262 l.
1146 1242 1173 1262 c.
1189 1236 1220 1262 et
1232 1231 1364 1261 Wolfius
1377 1231 1415 1259 ad
1427 1231 1457 1260 h.
1467 1230 1500 1265 1.,
1510 1230 1567 1260 etsi
1580 1231 1629 1260 hic
1639 1240 1701 1260 non

990 1275 1065 1304 satis
1078 1280 1181 1305 certus
1197 1274 1354 1304 sententiae
1365 1273 1450 1303 estin
1460 1273 1527 1303 aliis
1537 1273 1613 1303 locis
1623 1274 1701 1303 Ora-

990 1319 1076 1348 toris.
1121 1318 1272 1358 Equidem
1293 1316 1432 1347 excussis
1455 1317 1562 1346 sedulo
1585 1321 1616 1346 et
1632 1316 1701 1346 Ari-

990 1361 1149 1400 stophanis
1173 1366 1205 1391 et
1226 1361 1354 1391 aliorum
1377 1359 1528 1399 exemplis
1550 1358 1704 1398 plurimis,

990 1405 1042 1434 ubi
1054 1405 1207 1435 constanti
1218 1405 1276 1434 fide
1286 1404 1434 1433 librorum
1446 1402 1592 1432 scribitur
1601 1400 1632 1432 τί
1639 1414 1702 1442 μα-

991 1447 1060 1482 θὼν,
1076 1452 1264 1487 compertum
1286 1448 1394 1483 habeo,
1416 1446 1576 1484 utriusque
1597 1446 1702 1475 formae

991 1491 1144 1520 diversam
1160 1495 1342 1530 potestatem
1365 1499 1446 1525 esse,
1467 1490 1521 1518 sed
1536 1488 1703 1518 discrimen

990 1537 1090 1564 tenue.
1135 1535 1256 1573 Nempe
1271 1532 1303 1562 τί
1317 1531 1412 1563 παθὼν
1421 1532 1535 1571 saepius
1546 1531 1648 1561 locum
1660 1531 1704 1560 al-

991 1577 1087 1606 terius
1112 1577 1190 1606 bene
1219 1585 1371 1614 occupare
1397 1575 1524 1614 poterit,
1546 1573 1701 1604 interdum

991 1623 1090 1648 tamen
1109 1619 1174 1649 sine
1189 1619 1371 1648 detrimento
1395 1617 1556 1656 elegantiae
1572 1627 1630 1646 non
1645 1626 1702 1655 po-

991 1662 1072 1691 terit.
1095 1661 1147 1691 Sic
1157 1667 1240 1691 recte
1256 1662 1363 1690 videor
1371 1661 1477 1689 Graece
1486 1659 1599 1698 alloqui
1611 1669 1704 1697 posse

992 1704 1187 1734 Lambinum:
1213 1702 1245 1733 τί
1259 1703 1360 1733 παθὼν
1371 1702 1477 1732 ταύτην
1491 1703 1538 1732 τὴν
1552 1700 1706 1742 ωαραδιόρ-

993 1745 1084 1776 δαισιν
1112 1745 1320 1786 πςοςὲγςαψας,
1344 1746 1458 1774 rectius
1485 1749 1584 1774 tamen
1608 1744 1706 1774 multo

994 1795 1025 1818 et
1051 1789 1282 1827 significantius,
1303 1786 1336 1817 ’τί
1359 1787 1465 1826 μαθὼν
1491 1785 1706 1827 προςέγςαψας;

994 1832 1116 1861 Etenim
1137 1831 1169 1862 τί
1187 1831 1290 1862 meam
1306 1831 1427 1860 omuino
1452 1834 1510 1864 est,
1527 1840 1654 1870 quanam
1675 1840 1708 1860 ‘re

994 1873 1132 1915 affectus.
1128 1876 1141 1898 2
1163 1884 1217 1915 quo
1230 1884 1314 1904 casu.
1308 1875 1322 1896 ἓ
1343 1875 1446 1914 quibus
1456 1874 1631 1912 intemperiis
1641 1874 1708 1912 ugi-

996 1919 1099 1947 tatus?
1119 1919 1170 1958 qui
1181 1917 1236 1957 fit,
1253 1923 1289 1947 ut
1307 1921 1366 1947 etc.
1377 1917 1387 1946 ?
1411 1921 1443 1946 et
1455 1916 1543 1955 plane
1567 1917 1603 1946 ad
1620 1914 1710 1950 πάθος

996 1961 1161 1999 quoddam,
1177 1960 1256 2009 quod
1279 1964 1330 1990 aut
1345 1959 1484 1989 volentes
1500 1964 1551 1989 aut
1567 1959 1708 1989 nolentes

996 2003 1141 2042 patimur,
1156 2003 1304 2042 pertinet.
1348 2004 1463 2032 Contra
1484 2001 1515 2031 τί
1535 2002 1651 2042 μαθων,
1667 2012 1707 2031 ne

997 2046 1047 2076 hic
1063 2046 1187 2085 quidem
1210 2046 1372 2075 obliterata
1392 2045 1490 2085 prima
1512 2045 1598 2074 verbi
1621 2050 1709 2083 pote-

998 2089 1189 2125 state,sorma
1200 2093 1249 2118 est
1258 2088 1472 2128 exprobrantis
1479 2088 1708 2118 inconsideran-

997 2132 1081 2168 tiam,
1097 2132 1297 2162 temeritatem
1312 2137 1343 2160 et
1355 2141 1482 2169 pravum
1494 2130 1660 2168 judicium,
1673 2141 1708 2160 ac

997 2176 1143 2214 pertinet,
1161 2179 1193 2204 ut
1208 2174 1373 2212 AEschyleo
1389 2174 1485 2203 verbo
1501 2178 1578 2208 utar,
1593 2173 1629 2202 ad
1646 2174 1709 2213 μά-

997 2218 1048 2252 θος
1059 2218 1222 2257 quoddam,
1236 2217 1319 2256 quod
1331 2217 1362 2246 in
1374 2216 1464 2246 nobis
1475 2215 1643 2246 desiderari
1655 2226 1709 2255 pa-

997 2260 1107 2298 timur;
1141 2261 1284 2299 vertique
1305 2260 1409 2295 debet,
1433 2269 1488 2299 quo
1513 2261 1710 2299 argumento?

997 2304 1068 2343 quid
1094 2305 1234 2333 secutus?
1270 2313 1328 2342 qua
1363 2303 1586 2332 ratiocinatione
1620 2303 1711 2332 usus?

998 2348 1073 2385 Quae
1088 2346 1156 2386 ipsa
1172 2347 1219 2376 vis
1244 2346 1330 2385 plane
1352 2345 1594 2385 deprehenditur
1610 2345 1639 2374 iu
1654 2355 1708 2375 no-

999 2396 1061 2419 stro
1088 2390 1168 2419 loco.
1212 2390 1355 2419 Ceterum
1382 2388 1563 2418 numerarim
1586 2388 1655 2422 hoc,
1677 2386 1710 2418 τί

996 2432 1113 2472 μαθὼν,
1127 2433 1163 2461 ad
1175 2432 1413 2481 euphemismum
1427 2431 1611 2460 Atticorum.
1628 2432 1708 2460 Nam

999 2477 1096 2506 solum
1113 2485 1234 2505 sensum
1259 2475 1283 2504 si
1305 2479 1439 2513 spectes,
1461 2483 1543 2512 saepe
1565 2473 1596 2502 id
1620 2473 1709 2503 reddi

998 2524 1111 2568 potest,
1127 2529 1181 2548 cur
1196 2524 1256 2548 tam
1271 2517 1370 2552 stulte,
1382 2523 1441 2546 tam
1455 2522 1557 2546 temere
1569 2521 1628 2546 etc.
1668 2518 1709 2546 Et

998 2562 1028 2590 in
1045 2562 1201 2600 Aristoph.
1219 2562 1313 2599 Vesp.
1331 2562 1404 2590 251.
1428 2558 1551 2588 additur
1573 2559 1666 2588 etiam
1687 2571 1709 2588 ω

999 2604 1103 2634 ἀνόητε.
1150 2606 1319 2642 Utrumque
1337 2613 1410 2641 ergo
1427 2602 1452 2631 si
1468 2602 1588 2636 reddes,
1601 2612 1659 2641 qua
1674 2602 1710 2631 de

999 2658 1098 2683 causa,
1114 2657 1171 2676 non
1188 2647 1264 2676 male
1278 2646 1401 2685 quidem
1418 2644 1524 2674 Latine
1541 2644 1710 2682 exprimas,

1001 2692 1054 2720 sed
1070 2689 1224 2728 pinguius,
1239 2700 1294 2718 neo
1310 2688 1384 2718 satis
1400 2697 1515 2726 presse.
1539 2687 1628 2716 Conf.
1646 2688 1709 2716 De-

1001 2734 1110 2762 mosth.
1132 2733 1270 2772 Philipp.
1290 2732 1345 2761 IV.
1359 2730 1384 2769 §.
1400 2730 1418 2759 ι’.
1436 2730 1516 2759 med.
1541 2730 1570 2758 in
1588 2730 1708 2767 Aphob.

1001 2777 1064 2805 111.
1079 2786 1110 2813 p.
1127 2778 1200 2805 850.
1217 2776 1266 2804 ed.
1289 2776 1326 2803 R.
1344 2772 1375 2801 in
1396 2774 1500 2810 Steph.
1517 2773 1544 2802 I.
1564 2782 1596 2811 p.
1613 2774 1708 2803 1113.

1001 2819 1048 2848 ed.
1074 2820 1111 2847 R.
1138 2819 1239 2856 ibique
1262 2815 1362 2846 Wolf.
1387 2820 1416 2844 et
1440 2815 1547 2845 Reisk.
1576 2814 1709 2854 Dionys.

1002 2861 1103 2891 Halic.
1119 2861 1158 2890 de
1171 2860 1310 2897 ffliucyd.
1327 2859 1434 2888 T.V1.
1452 2869 1482 2897 p.
1501 2860 1575 2889 951.
1601 2857 1706 2887 Liban.

1002 2905 1083 2944 Epp.
1100 2907 1173 2933 241.
1186 2913 1216 2941 p.
1232 2904 1303 2932 116.
1321 2906 1379 2931 etc.
1407 2901 1443 2930 F.
1459 2903 1496 2931 A.
1511 2900 1636 2930 Wom

1044 2946 1123 2976 ’ὶΕστ
1149 2944 1290 2985 δεδομένη]
1315 2945 1420 2974 Latina
1444 2943 1624 2983 periphrasi,
1646 2941 1707 2972 ἀντι

1001 2991 1049 3020 τοῦ
1066 2989 1182 3019 δέδοται.
1219 2989 1340 3019 WoLr.
