1928 3284
259 229 366 283 392

260 359 338 397 qua
356 345 394 383 id
419 345 480 384 ille
498 345 585 391 alia,
606 359 722 396 quam
750 345 920 397 Syndici,
942 357 1106 396 persona
1121 345 1247 384 facere
1267 345 1453 396 potuerit,
1474 344 1574 382 haud
1596 343 1706 382 facile

258 407 436 446 dixerim.
491 407 704 446 Pervellem
721 407 893 458 quidem,
909 407 995 444 haec
1011 413 1049 444 et
1068 407 1141 444 alia
1162 407 1341 457 quaedam
1357 406 1588 444 auctoritate
1602 411 1709 443 certa

261 469 404 507 firmari
431 476 609 519 possent:
645 483 776 508 verum
801 468 868 506 ubi
893 468 956 506 illa
975 468 1175 514 defecerit,
1199 469 1293 519 quid
1320 468 1466 506 vetabit
1496 466 1709 518 modestam

260 530 377 569 fidem
398 530 634 580 conjecturis
654 529 862 568 habuisse?

315 592 515 630 Hactenus
544 591 751 629 scribendo
780 604 826 629 ea
854 604 937 629 sum
964 590 1209 641 potissimum
1229 596 1399 636 secutus,
1421 603 1509 641 quae
1536 589 1586 628 ad
1606 589 1709 626 hanc

261 653 486 704 Leptineam
508 665 681 690 caussam
703 652 840 702 partim
867 651 1143 690 illustrandam
1162 653 1301 698 valere,
1322 651 1460 702 partim
1481 650 1579 689 disci
1599 663 1647 688 ex
1665 661 1711 686 ea

260 720 429 764 queant.‘
474 714 563 751 Non
582 713 832 763 negligendus
852 719 981 750 tamen
997 713 1109 750 nobis
1129 719 1187 750 est
1204 713 1361 762 insignis
1381 714 1490 750 locus
1511 709 1709 749 Orationis

259 776 299 812 in
319 776 590 819 Timocratem,
617 775 689 811 sub
718 774 820 812 idern
848 780 1019 824 tempus-⁵
1032 774 1081 811 ab
1111 774 1246 811 eodem
1268 774 1435 811 Oratore
1462 772 1710 823 conscriptae,

263 837 331 886 qui
360 843 419 873 est
453 836 501 873 de
530 849 658 873 annua
685 846 847 873 censura
880 835 1005 884 legum
1047 835 1084 872 in
1119 835 1287 884 Republ.
1315 835 1492 880 latarum,
1519 839 1636 883 atque
1671 833 1710 870 in

263 898 481 935 universum
516 897 566 934 de
593 910 777 934 novarum
808 897 1054 934 ferendarum
1086 896 1210 933 modis
1244 896 1395 934 solenni
1431 909 1504 933 usu
1533 893 1712 944 receptiS.

263 958 338 995 Sed
367 972 412 995 ne
429 958 580 1008 longior
599 958 683 1004 sim,
708 957 858 995 omissis
880 957 1057 994 omnibus
1077 957 1137 1002 iis,
1160 970 1248 1006 quae
1268 970 1314 994 ex
1335 957 1515 994 doctrina
1532 955 1713 1004 Antiqui-

260 1025 382 1056 tatum
400 1021 629 1057 Graecarum
644 1020 794 1057 lecturo
809 1018 893 1068 jam
909 1018 1058 1068 pridem
1075 1018 1287 1056 innotuisse
1304 1018 1462 1065 debent,
1475 1023 1519 1055 ut
1539 1017 1602 1054 illa
1622 1021 1713 1054 sunt

261 1081 311 1119 tle
331 1081 520 1132 ecclesiis,
537 1080 586 1118 de
603 1081 841 1132 prytaueis,w
861 1080 908 1117 de
930 1080 1176 1129 PrytanibuS‚
1197 1079 1245 1117 de
1261 1079 1466 1124 Proedris3
1485 1078 1630 1116 nudum
1651 1091 1714 1115 ex-

262 1156 434 1193 promam
456 1143 586 1180 locum
607 1142 741 1180 Latine
761 1142 1004 1179 translatum.
1045 1141 1178 1178 Habet
1194 1141 1224 1177 is
1239 1140 1366 1191 plures
1381 1141 1484 1190 leges
1498 1145 1564 1177 aut
1582 1138 1713 1189 potius

262 1204 479 1255 fragmenta
499 1204 638 1254 legum,
659 1204 712 1241 ita
732 1209 856 1241 totum
877 1202 1051 1240 ordinem
1079 1203 1133 1239 rei
1164 1202 1217 1240 ob
1245 1202 1379 1240 oculos
1408 1200 1648 1252 ponentium,
1670 1204 1714 1237 ut

260 1265 355 1315 ipsae
385 1277 454 1302 nos
482 1263 771 1303 commentandi
799 1263 933 1301 labore
961 1263 1172 1302 liberent&
1216 1263 1317 1301 Sunt
1344 1268 1471 1301 autem
1500 1275 1555 1300 eae
1586 1261 1714 1311 hujus-

263 1326 394 1364 modi:

316 1388 471 1426 Primae
496 1392 703 1439 prytaneae
730 1387 928 1426 undecimo
957 1386 1022 1426 die
1052 1388 1144 1438 (qui
1174 1386 1254 1425 dies
1282 1385 1380 1425 idem
1408 1391 1463 1424 est
1493 1385 1714 1425 undecimus

256 1444 383 1501 Primi
402 1452 553 1497 mensis,
578 1449 937 1496 Hecatombaeonis)
957 1450 1000 1486 in
1018 1448 1188 1495 ecclesia,
1206 1453 1298 1498 post
1311 1449 1511 1498 praeconis
1524 1447 1714 1485 solennem

255 1513 520 1563 precationem
540 1512 743 1561 Prytanes
770 1510 823 1548 ad
841 1509 1042 1562 Populum
1070 1513 1269 1560 referunto
1296 1509 1340 1548 de
1369 1509 1533 1561 legibus,
1560 1521 1714 1559 eumque

263 1576 305 1612 in
324 1574 567 1625 suffragium
582 1574 797 1615 mittunto‚·
814 1573 942 1624 primo
959 1571 1039 1610 Ioco
1056 1571 1104 1610 de
1119 1573 1182 1617 iis,
1201 1584 1286 1622 quae
1300 1572 1503 1620 pertinent
1523 1569 1577 1607 ad
1596 1569 1712 1606 Sena-

265 1643 347 1675 tum
369 1637 698 1687 Quingmtorum,
719 1635 884 1673 secundo
911 1634 956 1672 de
984 1635 1047 1680 iis,
1079 1647 1164 1685 quae
1183 1634 1236 1672 ad
1257 1632 1460 1682 Rempztbl.
1480 1645 1530 1669 nn
1538 1633 1712 1681 irruam,

264 1699 394 1743 tenio,
424 1710 510 1748 quce
529 1696 583 1734 ad
608 1709 737 1733 novem
756 1696 986 1740 Archontes,
1006 1695 1181 1746 denique,
1208 1708 1293 1745 quae
1321 1695 1373 1732 ad
1400 1694 1567 1744 veliquos
1593 1694 1717 1744 magi·

265 1764 429 1797 stratus.
487 1758 555 1795 Ita
582 1761 708 1794 auten
737 1757 807 1795 Izoc
820 1755 915 1807 fito,
936 1760 978 1793 ul
1000 1756 1045 1793 de
1070 1755 1242 1806 singulis
1259 1754 1466 1806 geneoibus
1485 1754 1613 1804 legum
1632 1753 1715 1790 Ρο-

259 1821 385 1872 palus
411 1821 454 1857 in
482 1818 721 1870 srffvgium
751 1818 874 1856 eundo
894 1818 1075 1856 decernat
1104 1822 1194 1855 ante
1221 1817 1360 1860 omnia,
1384 1821 1516 1854 utrum
1544 1814 1715 1865 quodque

262 1879 448 1933 snffciat,
485 1893 537 1917 an
571 1881 710 1918 minus.
770 1879 891 1929 Cujus
923 1880 1148 1930 rogationis
1176 1878 1274 1916 idem
1303 1876 1422 1927 plane
1455 1876 1588 1914 modus
1622 1880 1715 1920 esto,

266 1944 364 1981 idem
384 1941 494 1987 ordo,
519 1954 624 1992 quenz
645 1942 686 1978 in
712 1940 873 1991 reliquis
893 1940 1169 1991 rogationibus
1188 1938 1289 1990 leges
1309 1943 1523 1976 sanxerunt
1542 1937 1714 1988 antiqui-

265 2010 330 2042 tus
349 2005 456 2042 latae.
746 2042 749 2044 ,

323 2066 366 2103 Si
384 2064 568 2115 quasdam
587 2064 712 2115 legum
733 2068 974 2113 receptarum
997 2061 1177 2111 Populus
1195 2060 1399 2111 repudiari
1405 2061 1588 2110 jusserit,
1607 2060 1715 2109 Pry-

269 2135 389 2175 tanes,
410 2127 454 2165 id
473 2127 656 2176 temporis
675 2125 1070 2175 munerefungentes,
1086 2123 1332 2173 providento,
1353 2127 1398 2160 ut
1417 2122 1462 2160 de
1483 2123 1533 2160 iis
1551 2121 1716 2172 legibus,

264 2203 361 2241 qaas
376 2191 499 2238 major
509 2201 607 2239 pars
618 2187 906 2237 siff-agiorwn
921 2185 1173 2235 repzdiassit,
1189 2185 1229 2221 in
1251 2185 1369 2221 tertia
1386 2183 1540 2222 ecclesia
1554 2182 1716 2221 consilia

507 2254 542 2286 et
559 2248 734 2286 Praestri
748 2247 897 2298 quidem
919 2248 999 2296 (jus
1021 2246 1150 2283 tertice
1165 2245 1332 2284 ecclcsice
1346 2249 1438 2295 post
1454 2257 1565 2283 sacra
1585 2245 1716 2295 utique

690 239 848 281 FRID.
884 239 1020 280 AUG.
1052 237 1271 280 WOLFH

267 2254 452 2289 ineantur
464 2263 478 2292 ‚·

260 2387 264 2392 -
313 2376 333 2391 w
350 2371 448 2400 Unum
465 2369 521 2398 hoc
547 2369 647 2407 placet
663 2369 827 2397 subnotare
852 2368 890 2397 de
912 2379 979 2407 πξυ-
1012 2364 1172 2396 ἐκκλησίαι.

266 2413 400 2447 «caulam,
418 2412 497 2451 quod
515 2422 532 2440 a
544 2411 685 2450 TaylorO,
697 2411 832 2449 Augerio
855 2416 886 2440 et
909 2411 977 2439 aliis
1056 2414 1071 2429 x
1086 2410 1151 2438 Neo
1175 2410 1285 2438 Grmca
1301 2408 1453 2447 subjicere
1470 2419 1561 2448 opus,
1587 2419 1655 2448 quae
1670 2409 1713 2438 le-

268 2465 428 2496 perperam
441 2454 582 2489 traditur,
598 2454 719 2483 tametsi
737 2455 799 2491 jam
818 2454 888 2482 olim
906 2463 978 2482 vera
1012 2457 1123 2490 guntur
1138 2462 1167 2490 p.
1185 2454 1258 2482 706.
1285 2452 1334 2481 cd.
1356 2452 1396 2481 R.
1429 2452 1478 2481 ubi
1499 2452 1579 2480 conf.
1609 2452 1713 2481 Schol.

271 2500 419 2528 docuerat
434 2498 539 2536 Sigon.
556 2497 595 2526 de
612 2497 651 2525 R.
670 2497 706 2525 A.
722 2497 769 2525 ΙΙ.
787 2499 817 2526 4.
834 2502 865 2525 et
889 2496 976 2535 impr.

258 2542 366 2570 Petit.
381 2551 413 2580 p.
437 2543 511 2569 277.
555 2540 591 2569 In
613 2539 720 2569 decem
744 2539 909 2578 πξυτανείας
934 2539 977 2567 ci-

270 2584 342 2613 vilis
359 2594 453 2613 annus
463 2583 635 2612 Atticorum
650 2582 770 2611 divisus
787 2586 863 2615 erat,
874 2591 976 2610 unam-

270 2637 420 2675 quamque
443 2628 484 2656 35
512 2626 641 2659 dierum,
664 2623 814 2654 divisione
841 2633 974 2653 mensem

270 2669 354 2699 varie
376 2670 588 2698 intersecante.
633 2667 753 2697 Habuit
775 2671 876 2695 autem
908 2676 975 2706 πξυ-

267 2712 363 2741 τανεία
389 2721 518 2750 quaeque
548 2714 569 2741 4
603 2709 750 2740 ecclesias
785 2706 888 2748 melae,
912 2708 932 2737 i.
948 2719 974 2739 e.

269 2761 360 2785 statas
382 2765 436 2784 seu
453 2754 619 2783 ordinarias
643 2762 768 2792 quarum
787 2752 884 2790 prima
898 2750 975 2779 inci-

269 2797 384 2827 debat
377 2807 406 2826 m
431 2797 511 2826 diem
539 2800 592 2831 11,
614 2796 747 2825 secunda
771 2795 802 2823 in
819 2796 872 2829 2³,0
887 2793 975 2823 tertia

258 2841 300 2870 -in
317 2843 369 2874 30,
385 2845 491 2878 quarta
514 2839 544 2868 iu
573 2841 615 2869 :33
642 2849 764 2878 πξυτανε
754 2835 810 2870 ιἐις
867 2836 975 2874 Itaque

271 2883 323 2921 qui
339 2889 400 2911 tres
416 2888 528 2912 tantum
559 2881 704 2911 ecclesias
730 2879 977 2915 numerant,fa1-

271 2926 372 2954 luntur
392 2925 420 2953 in
445 2935 493 2959 eo,
509 2925 589 2963 quod
614 2936 666 2963 πξι,
654 2934 717 2952 w:
723 2921 778 2956 eia:
793 2921 977 2951 confundunt

270 2977 339 2996 eum
365 2968 533 2997 mensibus.
595 2967 722 2996 Rectius
750 2965 895 2994 haetenus
919 2964 975 2994 Dl-

270 3009 350 3049 pian.
370 3011 406 3039 ad
423 3013 444 3044 ξ.
457 3011 504 3040 κά.
528 3011 604 3050 Τρεῖς
619 3007 732 3046 {yla-1¹70
754 3007 878 3037 ἑκάστου
893 3006 978 3047 fvt-‚¹65

1011 2495 1059 2524 Ad
1081 2504 1115 2523 ea
1140 2495 1255 2533 primus
1269 2495 1417 2533 Taylorus
1443 2495 1516 2523 bene
1531 2494 1646 2529 docuit,
1663 2504 1715 2523 va-

1011 2537 1121 2566 riarum
1139 2542 1252 2566 tantum
1277 2538 1378 2576 legum
1404 2541 1508 2576 partes
1532 2537 1569 2566 ab
1585 2538 1714 2566 Oratore

1011 2580 1087 2614 dari,
1111 2581 1296 2619 compositas
1321 2590 1374 2620 pro
1405 2579 1533 2609 consilio
1562 2589 1629 2614 suo,
1656 2589 1714 2608 non

1010 2632 1099 2651 unam
1115 2623 1212 2661 legem
1236 2628 1267 2652 et
1282 2623 1466 2652 continuam.
1511 2621 1550 2650 Id
1565 2632 1636 2651 vero
1653 2622 1714 2651 ela-

1009 2664 1129 2694 nssime
1139 2666 1207 2704 ipse
1224 2665 1331 2700 innuit,
1347 2675 1405 2694 non
1421 2662 1715 2703 vo‘faov'promittens,

1009 2708 1062 2736 sed
1079 2707 1185 2746 νόμους.
1215 2708 1285 2737 Alia
1300 2708 1450 2737 dubitatio
1467 2711 1523 2741 est,
1540 2717 1576 2736 an
1593 2707 1713 2737 omnino

1008 2749 1051 2778 ita
1075 2750 1175 2780 locum
1202 2751 1271 2789 ipse
1290 2750 1487 2788 consignarit,
1501 2754 1533 2779 ut
1546 2760 1624 2780 nunc
1640 2751 1716 2791 legi·

1010 2792 1101 2830 gitur.
1146 2793 1245 2823 Nimis
1263 2803 1344 2831 saepe
1365 2792 1395 2821 in
1412 2792 1480 2821 istis
1496 2793 1629 2831 publicis
1644 2793 1714 2823 liue-

1009 2836 1061 2869 iis,
1075 2836 1156 2874 apud
1173 2838 1318 2866 Oratores
1335 2835 1469 2870 insertis,
1496 2836 1592 2865 serior
1606 2845 1711 2865 manus

1008 2877 1157 2907 lectorum
1192 2878 1265 2907 mi'ui
1311 2878 1430 2907 videtur
1468 2883 1603 2916 grassata
1631 2888 1711 2914 esse,

1008 2920 1232 2958 interpolando,
1255 2920 1407 2954 addendo,
1430 2921 1624 2951 detrahendo.
1675 2921 1712 2950 In

1008 2963 1256 3003 interpretatione
1291 2973 1359 2992 mea
1396 2963 1528 3002 denique
1571 2962 1713 2994 affectavi

1002 3006 1142 3045 -priseum
1159 3015 1326 3036 sermonem
1346 3005 1494 3035 Latinum.
