<?xml version="1.0" encoding="UTF-8"?>
<!DOCTYPE html PUBLIC "-//W3C//DTD XHTML 1.0 Transitional//EN"
    "http://www.w3.org/TR/xhtml1/DTD/xhtml1-transitional.dtd">
<html xmlns="http://www.w3.org/1999/xhtml" xml:lang="en" lang="en">
 <head>
  <title>
</title>
<meta http-equiv="Content-Type" content="text/html;charset=utf-8" />
  <meta name='ocr-system' content='tesseract 3.04.00' />
  <meta name='ocr-capabilities' content='ocr_page ocr_carea ocr_par ocr_line ocrx_word'/>
</head>
<body>
  <div class='ocr_page' id='page_1' title='image "./oratoresatticie06dobs/oratoresatticie06dobs_0216.png"; bbox 0 0 1928 3284; ppageno 0'>
   <div class='ocr_carea' id='block_1_1' title="bbox 220 190 1360 248">
    <p class='ocr_par' dir='ltr' id='par_1_1' title="bbox 220 190 1360 248">
     <span class='ocr_line' id='line_1_1' title="bbox 220 190 1360 248; baseline 0 -8"><span class='ocrx_word' id='word_1_1' title='bbox 220 190 327 248; x_wconf 80' lang='lat'>194</span> <span class='ocrx_word' id='word_1_2' title='bbox 545 201 799 241; x_wconf 78' lang='lat' dir='ltr'>TAYLoRI</span> <span class='ocrx_word' id='word_1_3' title='bbox 828 201 1077 240; x_wconf 82' lang='lat' dir='ltr'>PRAEFAT.</span> <span class='ocrx_word' id='word_1_4' title='bbox 1107 202 1187 239; x_wconf 89' lang='lat' dir='ltr'>AD</span> <span class='ocrx_word' id='word_1_5' title='bbox 1218 201 1360 240; x_wconf 85' lang='lat' dir='ltr'>DEM.</span> 
     </span>
    </p>
   </div>
   <div class='ocr_carea' id='block_1_2' title="bbox 224 304 1696 3031">
    <p class='ocr_par' dir='ltr' id='par_1_2' title="bbox 226 304 1688 895">
     <span class='ocr_line' id='line_1_2' title="bbox 226 304 1685 351; baseline -0.001 -12"><span class='ocrx_word' id='word_1_6' title='bbox 226 305 370 340; x_wconf 75' lang='lat' dir='ltr'>Actoris</span> <span class='ocrx_word' id='word_1_7' title='bbox 393 304 603 339; x_wconf 86' lang='lat' dir='ltr'>Orationem</span> <span class='ocrx_word' id='word_1_8' title='bbox 628 309 724 340; x_wconf 87' lang='lat' dir='ltr'>recte</span> <span class='ocrx_word' id='word_1_9' title='bbox 754 307 967 351; x_wconf 79' lang='lat' dir='ltr'>applicatur,</span> <span class='ocrx_word' id='word_1_10' title='bbox 993 318 1076 341; x_wconf 87' lang='lat' dir='ltr'>curn</span> <span class='ocrx_word' id='word_1_11' title='bbox 1104 306 1202 342; x_wconf 79' lang='lat' dir='ltr'>Reus</span> <span class='ocrx_word' id='word_1_12' title='bbox 1228 307 1368 341; x_wconf 89' lang='lat' dir='ltr'>interea</span> <span class='ocrx_word' id='word_1_13' title='bbox 1394 315 1467 339; x_wconf 88' lang='lat' dir='ltr'>non</span> <span class='ocrx_word' id='word_1_14' title='bbox 1493 307 1591 349; x_wconf 84' lang='grc' dir='ltr'>κατὰ,</span> <span class='ocrx_word' id='word_1_15' title='bbox 1622 306 1685 339; x_wconf 85' lang='lat' dir='ltr'>sed</span> 
     </span>
     <span class='ocr_line' id='line_1_3' title="bbox 228 359 1687 405; baseline 0 -12"><span class='ocrx_word' id='word_1_16' title='bbox 228 373 255 393; x_wconf 86' lang='grc' dir='ltr'>π</span> <span class='ocrx_word' id='word_1_17' title='bbox 267 373 284 403; x_wconf 87' lang='grc' dir='ltr'>ρ</span> <span class='ocrx_word' id='word_1_18' title='bbox 297 362 353 399; x_wconf 83' lang='grc' dir='ltr'>ὸς,</span> <span class='ocrx_word' id='word_1_19' title='bbox 375 359 482 393; x_wconf 87' lang='lat' dir='ltr'>verba</span> <span class='ocrx_word' id='word_1_20' title='bbox 499 360 629 394; x_wconf 88' lang='lat' dir='ltr'>habere</span> <span class='ocrx_word' id='word_1_21' title='bbox 648 361 795 394; x_wconf 86' lang='lat' dir='ltr'>dicitur:</span> <span class='ocrx_word' id='word_1_22' title='bbox 822 361 857 394; x_wconf 88' lang='lat' dir='ltr'>Si</span> <span class='ocrx_word' id='word_1_23' title='bbox 876 371 961 394; x_wconf 87' lang='lat' dir='ltr'>vera</span> <span class='ocrx_word' id='word_1_24' title='bbox 984 363 1055 395; x_wconf 88' lang='lat' dir='ltr'>sint</span> <span class='ocrx_word' id='word_1_25' title='bbox 1077 373 1131 403; x_wconf 84' lang='lat' dir='ltr'>ea,</span> <span class='ocrx_word' id='word_1_26' title='bbox 1147 374 1228 405; x_wconf 75' lang='lat' dir='ltr'>quae</span> <span class='ocrx_word' id='word_1_27' title='bbox 1251 361 1374 395; x_wconf 83' lang='lat' dir='ltr'>notavi</span> <span class='ocrx_word' id='word_1_28' title='bbox 1391 360 1436 394; x_wconf 83' lang='lat' dir='ltr'>ad</span> <span class='ocrx_word' id='word_1_29' title='bbox 1452 359 1593 394; x_wconf 86' lang='lat' dir='ltr'>initium</span> <span class='ocrx_word' id='word_1_30' title='bbox 1611 360 1687 393; x_wconf 86' lang='lat' dir='ltr'>Eu-</span> 
     </span>
     <span class='ocr_line' id='line_1_4' title="bbox 227 413 1687 459; baseline 0 -12"><span class='ocrx_word' id='word_1_31' title='bbox 227 413 396 449; x_wconf 78' lang='lat' dir='ltr'>bulideae.</span> <span class='ocrx_word' id='word_1_32' title='bbox 446 414 575 459; x_wconf 81' lang='lat' dir='ltr'>Neque</span> <span class='ocrx_word' id='word_1_33' title='bbox 604 416 699 449; x_wconf 82' lang='lat' dir='ltr'>enim</span> <span class='ocrx_word' id='word_1_34' title='bbox 728 415 803 448; x_wconf 89' lang='lat' dir='ltr'>ullo</span> <span class='ocrx_word' id='word_1_35' title='bbox 825 414 863 447; x_wconf 87' lang='lat' dir='ltr'>in</span> <span class='ocrx_word' id='word_1_36' title='bbox 886 424 1037 449; x_wconf 83' lang='lat' dir='ltr'>numero</span> <span class='ocrx_word' id='word_1_37' title='bbox 1061 419 1146 449; x_wconf 85' lang='lat' dir='ltr'>sunt</span> <span class='ocrx_word' id='word_1_38' title='bbox 1170 416 1338 459; x_wconf 85' lang='lat' dir='ltr'>habendi,</span> <span class='ocrx_word' id='word_1_39' title='bbox 1364 416 1425 459; x_wconf 88' lang='lat' dir='ltr'>qui</span> <span class='ocrx_word' id='word_1_40' title='bbox 1450 415 1538 448; x_wconf 73' lang='lat' dir='ltr'>forte</span> <span class='ocrx_word' id='word_1_41' title='bbox 1563 416 1687 447; x_wconf 87' lang='lat' dir='ltr'>contra</span> 
     </span>
     <span class='ocr_line' id='line_1_5' title="bbox 227 468 1687 513; baseline 0.001 -13"><span class='ocrx_word' id='word_1_42' title='bbox 227 468 321 501; x_wconf 82' lang='lat' dir='ltr'>hanc</span> <span class='ocrx_word' id='word_1_43' title='bbox 348 469 467 511; x_wconf 81' lang='lat' dir='ltr'>legem</span> <span class='ocrx_word' id='word_1_44' title='bbox 485 472 652 512; x_wconf 84' lang='lat' dir='ltr'>peceant.</span> <span class='ocrx_word' id='word_1_45' title='bbox 704 470 796 502; x_wconf 85' lang='lat' dir='ltr'>Sunt</span> <span class='ocrx_word' id='word_1_46' title='bbox 813 471 933 502; x_wconf 87' lang='lat' dir='ltr'>autern</span> <span class='ocrx_word' id='word_1_47' title='bbox 950 469 1002 503; x_wconf 74' lang='lat' dir='ltr'>vel</span> <span class='ocrx_word' id='word_1_48' title='bbox 1016 470 1112 511; x_wconf 71' lang='lat' dir='ltr'>Duo,</span> <span class='ocrx_word' id='word_1_49' title='bbox 1129 470 1181 505; x_wconf 85' lang='lat' dir='ltr'>vel</span> <span class='ocrx_word' id='word_1_50' title='bbox 1196 471 1315 505; x_wconf 82' lang='lat' dir='ltr'>Nemo.</span> <span class='ocrx_word' id='word_1_51' title='bbox 1366 471 1460 511; x_wconf 87' lang='lat' dir='ltr'>Non,</span> <span class='ocrx_word' id='word_1_52' title='bbox 1477 471 1637 513; x_wconf 83' lang='lat' dir='ltr'>inquam,</span> <span class='ocrx_word' id='word_1_53' title='bbox 1655 468 1687 503; x_wconf 91' lang='lat' dir='ltr'>si</span> 
     </span>
     <span class='ocr_line' id='line_1_6' title="bbox 226 522 1686 570; baseline 0.001 -15"><span class='ocrx_word' id='word_1_54' title='bbox 226 522 469 566; x_wconf 77' lang='lat' dir='ltr'>incogitanter</span> <span class='ocrx_word' id='word_1_55' title='bbox 488 524 697 558; x_wconf 76' lang='lat' dir='ltr'>Orationem</span> <span class='ocrx_word' id='word_1_56' title='bbox 723 523 987 567; x_wconf 71' lang='lat' dir='ltr'>apologeticam</span> <span class='ocrx_word' id='word_1_57' title='bbox 1004 524 1269 567; x_wconf 65' lang='lat' dir='ltr'><strong>Demosthenis,</strong></span> <span class='ocrx_word' id='word_1_58' title='bbox 1287 536 1369 570; x_wconf 71' lang='lat' dir='ltr'>qua&gt;</span> <span class='ocrx_word' id='word_1_59' title='bbox 1388 527 1441 558; x_wconf 86' lang='lat' dir='ltr'>est</span> <span class='ocrx_word' id='word_1_60' title='bbox 1457 523 1514 558; x_wconf 81' lang='lat' dir='ltr'>De</span> <span class='ocrx_word' id='word_1_61' title='bbox 1539 523 1686 565; x_wconf 76' lang='lat' dir='ltr'>Corona,</span> 
     </span>
     <span class='ocr_line' id='line_1_7' title="bbox 227 578 1688 621; baseline -0.001 -9"><span class='ocrx_word' id='word_1_62' title='bbox 227 579 338 612; x_wconf 87' lang='lat' dir='ltr'>semel</span> <span class='ocrx_word' id='word_1_63' title='bbox 361 580 569 620; x_wconf 81' lang='lat' dir='ltr'>nominavit,</span> <span class='ocrx_word' id='word_1_64' title='bbox 588 581 651 612; x_wconf 83' lang='lat' dir='ltr'>aut</span> <span class='ocrx_word' id='word_1_65' title='bbox 675 579 833 621; x_wconf 81' lang='lat' dir='ltr'>Servius,</span> <span class='ocrx_word' id='word_1_66' title='bbox 862 578 1075 612; x_wconf 88' lang='lat' dir='ltr'><strong>CONTRA</strong></span> <span class='ocrx_word' id='word_1_67' title='bbox 1101 579 1404 621; x_wconf 83' lang='lat' dir='ltr'>AESCHINEM,</span> <span class='ocrx_word' id='word_1_68' title='bbox 1421 582 1463 612; x_wconf 92' lang='lat' dir='ltr'>ut</span> <span class='ocrx_word' id='word_1_69' title='bbox 1488 578 1688 615; x_wconf 84' lang='lat' dir='ltr'>nominavit</span> 
     </span>
     <span class='ocr_line' id='line_1_8' title="bbox 229 631 1685 677; baseline -0.003 -9"><span class='ocrx_word' id='word_1_70' title='bbox 229 633 276 668; x_wconf 81' lang='lat' dir='ltr'>ad</span> <span class='ocrx_word' id='word_1_71' title='bbox 292 633 394 677; x_wconf 83' lang='lat' dir='ltr'>Virg.</span> <span class='ocrx_word' id='word_1_72' title='bbox 419 634 492 668; x_wconf 86' lang='lat' dir='ltr'>XI.</span> <span class='ocrx_word' id='word_1_73' title='bbox 509 633 595 667; x_wconf 88' lang='lat' dir='ltr'>AEn.</span> <span class='ocrx_word' id='word_1_74' title='bbox 620 635 701 668; x_wconf 82' lang='lat'>301.</span> <span class='ocrx_word' id='word_1_75' title='bbox 719 635 782 666; x_wconf 89' lang='lat' dir='ltr'>aut</span> <span class='ocrx_word' id='word_1_76' title='bbox 803 632 954 666; x_wconf 89' lang='lat' dir='ltr'>Photius</span> <span class='ocrx_word' id='word_1_77' title='bbox 975 633 1012 666; x_wconf 88' lang='lat' dir='ltr'>in</span> <span class='ocrx_word' id='word_1_78' title='bbox 1029 633 1101 667; x_wconf 90' lang='lat' dir='ltr'>vita</span> <span class='ocrx_word' id='word_1_79' title='bbox 1118 633 1384 675; x_wconf 81' lang='lat' dir='ltr'><strong>Demosthenis,</strong></span> <span class='ocrx_word' id='word_1_80' title='bbox 1408 631 1493 666; x_wconf 76' lang='grc' dir='ltr'>Κατ’</span> <span class='ocrx_word' id='word_1_81' title='bbox 1511 633 1685 675; x_wconf 81' lang='grc' dir='ltr'><strong>Αἰσχίνου,</strong></span> 
     </span>
     <span class='ocr_line' id='line_1_9' title="bbox 231 686 1686 732; baseline 0 -12"><span class='ocrx_word' id='word_1_82' title='bbox 231 686 370 722; x_wconf 88' lang='lat' dir='ltr'>idcirco</span> <span class='ocrx_word' id='word_1_83' title='bbox 396 688 478 732; x_wconf 86' lang='lat' dir='ltr'>Ego</span> <span class='ocrx_word' id='word_1_84' title='bbox 507 691 544 721; x_wconf 90' lang='lat' dir='ltr'>et</span> <span class='ocrx_word' id='word_1_85' title='bbox 568 687 625 721; x_wconf 90' lang='lat' dir='ltr'>Tu</span> <span class='ocrx_word' id='word_1_86' title='bbox 652 687 813 731; x_wconf 83' lang='lat' dir='ltr'>protinus</span> <span class='ocrx_word' id='word_1_87' title='bbox 838 687 888 720; x_wconf 88' lang='lat' dir='ltr'>ita</span> <span class='ocrx_word' id='word_1_88' title='bbox 913 687 1121 728; x_wconf 80' lang='lat' dir='ltr'><strong>scribemus,</strong></span> <span class='ocrx_word' id='word_1_89' title='bbox 1144 689 1207 721; x_wconf 84' lang='lat' dir='ltr'>sed</span> <span class='ocrx_word' id='word_1_90' title='bbox 1230 687 1493 729; x_wconf 79' lang='lat' dir='ltr'>distinguemus</span> <span class='ocrx_word' id='word_1_91' title='bbox 1510 687 1686 729; x_wconf 67' lang='lat' dir='ltr'>solertim,</span> 
     </span>
     <span class='ocr_line' id='line_1_10' title="bbox 231 741 1687 786; baseline -0.001 -11"><span class='ocrx_word' id='word_1_92' title='bbox 231 744 340 786; x_wconf 78' lang='lat' dir='ltr'>atque</span> <span class='ocrx_word' id='word_1_93' title='bbox 353 745 396 775; x_wconf 89' lang='lat' dir='ltr'>ut</span> <span class='ocrx_word' id='word_1_94' title='bbox 407 741 694 786; x_wconf 68' lang='lat' dir='ltr'>jurisprudcntes</span> <span class='ocrx_word' id='word_1_95' title='bbox 706 741 849 775; x_wconf 85' lang='lat' dir='ltr'>Atticos</span> <span class='ocrx_word' id='word_1_96' title='bbox 865 741 1084 784; x_wconf 76' lang='lat' dir='ltr'>distinguere</span> <span class='ocrx_word' id='word_1_97' title='bbox 1101 742 1219 784; x_wconf 85' lang='lat' dir='ltr'>decet,</span> <span class='ocrx_word' id='word_1_98' title='bbox 1232 742 1324 775; x_wconf 88' lang='lat' dir='ltr'>inter</span> <span class='ocrx_word' id='word_1_99' title='bbox 1339 741 1546 775; x_wconf 83' lang='lat' dir='ltr'>Formulam</span> <span class='ocrx_word' id='word_1_100' title='bbox 1562 743 1599 774; x_wconf 90' lang='lat' dir='ltr'>et</span> <span class='ocrx_word' id='word_1_101' title='bbox 1613 741 1687 784; x_wconf 81' lang='lat' dir='ltr'>Ap-</span> 
     </span>
     <span class='ocr_line' id='line_1_11' title="bbox 227 786 1687 840; baseline -0.001 -11"><span class='ocrx_word' id='word_1_102' title='bbox 227 797 458 840; x_wconf 85' lang='lat' dir='ltr'>pellationem</span> <span class='ocrx_word' id='word_1_103' title='bbox 483 796 588 830; x_wconf 80' lang='lat' dir='ltr'>istius</span> <span class='ocrx_word' id='word_1_104' title='bbox 605 796 780 840; x_wconf 84' lang='lat' dir='ltr'>Aetionis,</span> <span class='ocrx_word' id='word_1_105' title='bbox 800 807 883 840; x_wconf 66' lang='lat' dir='ltr'>qua}</span> <span class='ocrx_word' id='word_1_106' title='bbox 906 797 942 830; x_wconf 90' lang='lat' dir='ltr'>in</span> <span class='ocrx_word' id='word_1_107' title='bbox 962 806 1000 829; x_wconf 87' lang='lat' dir='ltr'>sc</span> <span class='ocrx_word' id='word_1_108' title='bbox 1026 797 1188 830; x_wconf 87' lang='lat' dir='ltr'>continet</span> <span class='ocrx_word' id='word_1_109' title='bbox 1203 797 1496 839; x_wconf 78' lang='lat' dir='ltr'>Accusationem,</span> <span class='ocrx_word' id='word_1_110' title='bbox 1522 799 1559 829; x_wconf 91' lang='lat' dir='ltr'>et</span> <span class='ocrx_word' id='word_1_111' title='bbox 1579 786 1687 837; x_wconf 83' lang='lat' dir='ltr'>illius,</span> 
     </span>
     <span class='ocr_line' id='line_1_12' title="bbox 229 851 558 895; baseline 0.006 -13"><span class='ocrx_word' id='word_1_112' title='bbox 229 861 313 894; x_wconf 81' lang='lat' dir='ltr'>quae</span> <span class='ocrx_word' id='word_1_113' title='bbox 330 851 558 895; x_wconf 81' lang='lat' dir='ltr'>Apologiam.</span> 
     </span>
    </p>

    <p class='ocr_par' dir='ltr' id='par_1_3' title="bbox 224 903 1696 2650">
     <span class='ocr_line' id='line_1_13' title="bbox 272 903 1687 950; baseline -0.001 -12"><span class='ocrx_word' id='word_1_114' title='bbox 272 905 400 940; x_wconf 84' lang='lat' dir='ltr'>Mane.</span> <span class='ocrx_word' id='word_1_115' title='bbox 435 906 608 940; x_wconf 88' lang='lat' dir='ltr'>Nondum</span> <span class='ocrx_word' id='word_1_116' title='bbox 636 917 679 940; x_wconf 90' lang='lat' dir='ltr'>eo</span> <span class='ocrx_word' id='word_1_117' title='bbox 708 906 866 950; x_wconf 86' lang='lat' dir='ltr'>perveni,</span> <span class='ocrx_word' id='word_1_118' title='bbox 889 916 962 950; x_wconf 90' lang='lat' dir='ltr'>quo</span> <span class='ocrx_word' id='word_1_119' title='bbox 988 905 1099 940; x_wconf 83' lang='lat' dir='ltr'>volui.</span> <span class='ocrx_word' id='word_1_120' title='bbox 1149 905 1252 939; x_wconf 89' lang='lat' dir='ltr'>Male</span> <span class='ocrx_word' id='word_1_121' title='bbox 1279 906 1358 939; x_wconf 84' lang='lat' dir='ltr'>haec</span> <span class='ocrx_word' id='word_1_122' title='bbox 1386 905 1512 939; x_wconf 83' lang='lat' dir='ltr'>Oratio</span> <span class='ocrx_word' id='word_1_123' title='bbox 1540 903 1687 939; x_wconf 83' lang='lat' dir='ltr'>titulum</span> 
     </span>
     <span class='ocr_line' id='line_1_14' title="bbox 228 960 1688 1005; baseline -0.001 -12"><span class='ocrx_word' id='word_1_124' title='bbox 228 962 336 993; x_wconf 83' lang='lat' dir='ltr'>nacta</span> <span class='ocrx_word' id='word_1_125' title='bbox 348 963 411 1002; x_wconf 85' lang='lat' dir='ltr'>est,</span> <span class='ocrx_word' id='word_1_126' title='bbox 427 961 470 994; x_wconf 89' lang='lat' dir='ltr'>ab</span> <span class='ocrx_word' id='word_1_127' title='bbox 485 961 538 1003; x_wconf 84' lang='lat' dir='ltr'>iis,</span> <span class='ocrx_word' id='word_1_128' title='bbox 553 961 616 1005; x_wconf 88' lang='lat' dir='ltr'>qui</span> <span class='ocrx_word' id='word_1_129' title='bbox 629 972 765 995; x_wconf 78' lang='lat' dir='ltr'>eausam</span> <span class='ocrx_word' id='word_1_130' title='bbox 778 961 922 995; x_wconf 77' lang='lat' dir='ltr'>actionis</span> <span class='ocrx_word' id='word_1_131' title='bbox 933 961 1102 995; x_wconf 79' lang='lat' dir='ltr'>Auctoris</span> <span class='ocrx_word' id='word_1_132' title='bbox 1116 961 1251 994; x_wconf 91' lang='lat' dir='ltr'>nomini</span> <span class='ocrx_word' id='word_1_133' title='bbox 1264 960 1415 1002; x_wconf 87' lang='lat' dir='ltr'>addunt,</span> <span class='ocrx_word' id='word_1_134' title='bbox 1430 960 1514 994; x_wconf 78' lang='grc' dir='ltr'>Κατ’</span> <span class='ocrx_word' id='word_1_135' title='bbox 1525 961 1688 1002; x_wconf 80' lang='grc' dir='ltr'>Αἰσχίνου</span> 
     </span>
     <span class='ocr_line' id='line_1_15' title="bbox 229 1015 1688 1061; baseline -0.001 -13"><span class='ocrx_word' id='word_1_136' title='bbox 229 1018 303 1060; x_wconf 82' lang='grc' dir='ltr'>περὶ</span> <span class='ocrx_word' id='word_1_137' title='bbox 330 1018 616 1061; x_wconf 77' lang='grc' dir='ltr'><em>παραπρεσβείας,</em></span> <span class='ocrx_word' id='word_1_138' title='bbox 642 1016 706 1049; x_wconf 89' lang='lat' dir='ltr'>sed</span> <span class='ocrx_word' id='word_1_139' title='bbox 737 1016 892 1060; x_wconf 87' lang='lat' dir='ltr'>pressius</span> <span class='ocrx_word' id='word_1_140' title='bbox 917 1018 953 1049; x_wconf 88' lang='lat' dir='ltr'>et</span> <span class='ocrx_word' id='word_1_141' title='bbox 979 1017 1185 1050; x_wconf 79' lang='lat' dir='ltr'>accuratius</span> <span class='ocrx_word' id='word_1_142' title='bbox 1209 1015 1350 1049; x_wconf 84' lang='lat' dir='ltr'>laudari</span> <span class='ocrx_word' id='word_1_143' title='bbox 1373 1015 1510 1057; x_wconf 86' lang='lat' dir='ltr'>debuit,</span> <span class='ocrx_word' id='word_1_144' title='bbox 1537 1015 1608 1048; x_wconf 81' lang='grc' dir='ltr'>κατ’</span> <span class='ocrx_word' id='word_1_145' title='bbox 1631 1015 1688 1047; x_wconf 89' lang='grc' dir='ltr'>Αἰ-</span> 
     </span>
     <span class='ocr_line' id='line_1_16' title="bbox 228 1068 1688 1116; baseline -0.002 -12"><span class='ocrx_word' id='word_1_146' title='bbox 228 1073 361 1114; x_wconf 84' lang='grc' dir='ltr'><strong><em>σχίνου,</em></strong></span> <span class='ocrx_word' id='word_1_147' title='bbox 378 1073 663 1116; x_wconf 76' lang='grc' dir='ltr'>παραπρεσβείας.</span> <span class='ocrx_word' id='word_1_148' title='bbox 712 1070 807 1103; x_wconf 81' lang='lat' dir='ltr'>Nam</span> <span class='ocrx_word' id='word_1_149' title='bbox 834 1084 860 1103; x_wconf 87' lang='grc' dir='ltr'>π</span> <span class='ocrx_word' id='word_1_150' title='bbox 872 1085 893 1103; x_wconf 87' lang='grc' dir='ltr'>α</span> <span class='ocrx_word' id='word_1_151' title='bbox 904 1085 921 1115; x_wconf 83' lang='grc' dir='ltr'>ρ</span> <span class='ocrx_word' id='word_1_152' title='bbox 933 1085 954 1104; x_wconf 86' lang='grc' dir='ltr'>α</span> <span class='ocrx_word' id='word_1_153' title='bbox 967 1085 992 1104; x_wconf 91' lang='grc' dir='ltr'>π</span> <span class='ocrx_word' id='word_1_154' title='bbox 1003 1085 1021 1115; x_wconf 81' lang='grc' dir='ltr'>ρ</span> <span class='ocrx_word' id='word_1_155' title='bbox 1032 1085 1044 1105; x_wconf 76' lang='grc' dir='ltr'><em>ε</em></span> <span class='ocrx_word' id='word_1_156' title='bbox 1056 1084 1076 1105; x_wconf 79' lang='lat' dir='ltr'>o·</span> <span class='ocrx_word' id='word_1_157' title='bbox 1087 1073 1111 1113; x_wconf 79' lang='grc' dir='ltr'>β</span> <span class='ocrx_word' id='word_1_158' title='bbox 1123 1085 1135 1103; x_wconf 79' lang='grc' dir='ltr'>ε</span> <span class='ocrx_word' id='word_1_159' title='bbox 1148 1072 1157 1103; x_wconf 91' lang='grc' dir='ltr'>ί</span> <span class='ocrx_word' id='word_1_160' title='bbox 1169 1085 1190 1103; x_wconf 87' lang='grc' dir='ltr'>α</span> <span class='ocrx_word' id='word_1_161' title='bbox 1216 1072 1271 1103; x_wconf 84' lang='lat' dir='ltr'>est</span> <span class='ocrx_word' id='word_1_162' title='bbox 1284 1069 1500 1103; x_wconf 81' lang='lat' dir='ltr'>vocabulum</span> <span class='ocrx_word' id='word_1_163' title='bbox 1517 1068 1688 1109; x_wconf 83' lang='lat' dir='ltr'>Forense‚</span> 
     </span>
     <span class='ocr_line' id='line_1_17' title="bbox 230 1123 1687 1170; baseline -0.002 -11"><span class='ocrx_word' id='word_1_164' title='bbox 230 1126 378 1160; x_wconf 88' lang='lat' dir='ltr'>Crimen</span> <span class='ocrx_word' id='word_1_165' title='bbox 405 1127 635 1167; x_wconf 84' lang='lat' dir='ltr'>intentatum,</span> <span class='ocrx_word' id='word_1_166' title='bbox 653 1125 765 1170; x_wconf 86' lang='lat' dir='ltr'>ipsius</span> <span class='ocrx_word' id='word_1_167' title='bbox 786 1125 954 1159; x_wconf 81' lang='lat' dir='ltr'>Actionis</span> <span class='ocrx_word' id='word_1_168' title='bbox 976 1126 1157 1170; x_wconf 86' lang='lat' dir='ltr'>proprium</span> <span class='ocrx_word' id='word_1_169' title='bbox 1184 1128 1220 1158; x_wconf 88' lang='lat' dir='ltr'>et</span> <span class='ocrx_word' id='word_1_170' title='bbox 1242 1125 1429 1158; x_wconf 85' lang='lat' dir='ltr'>definitum</span> <span class='ocrx_word' id='word_1_171' title='bbox 1445 1123 1687 1158; x_wconf 77' lang='lat' dir='ltr'>Vocabulum.</span> 
     </span>
     <span class='ocr_line' id='line_1_18' title="bbox 227 1179 1689 1224; baseline -0.002 -11"><span class='ocrx_word' id='word_1_172' title='bbox 227 1180 289 1220; x_wconf 86' lang='lat' dir='ltr'>Et,</span> <span class='ocrx_word' id='word_1_173' title='bbox 307 1190 378 1224; x_wconf 90' lang='lat' dir='ltr'>qua</span> <span class='ocrx_word' id='word_1_174' title='bbox 392 1181 609 1223; x_wconf 83' lang='lat' dir='ltr'>proprietate</span> <span class='ocrx_word' id='word_1_175' title='bbox 629 1179 905 1213; x_wconf 84' lang='lat' dir='ltr'>insimulabatur</span> <span class='ocrx_word' id='word_1_176' title='bbox 921 1180 1048 1223; x_wconf 87' lang='lat' dir='ltr'>aliquis</span> <span class='ocrx_word' id='word_1_177' title='bbox 1066 1179 1219 1213; x_wconf 82' lang='lat' dir='ltr'>Athenis</span> <span class='ocrx_word' id='word_1_178' title='bbox 1237 1179 1382 1220; x_wconf 87' lang='lat' dir='ltr'>Atticis,</span> <span class='ocrx_word' id='word_1_179' title='bbox 1397 1179 1549 1223; x_wconf 81' lang='grc' dir='ltr'>Ἀργίας,</span> <span class='ocrx_word' id='word_1_180' title='bbox 1567 1183 1689 1210; x_wconf 82' lang='grc' dir='ltr'>Λειπο-</span> 
     </span>
     <span class='ocr_line' id='line_1_19' title="bbox 228 1233 1692 1278; baseline -0.001 -11"><span class='ocrx_word' id='word_1_181' title='bbox 228 1236 353 1276; x_wconf 77' lang='grc' dir='ltr'>ταξίου,</span> <span class='ocrx_word' id='word_1_182' title='bbox 369 1235 556 1276; x_wconf 83' lang='grc' dir='ltr'>Ἀσεβείας,</span> <span class='ocrx_word' id='word_1_183' title='bbox 572 1236 641 1267; x_wconf 87' lang='lat' dir='ltr'>etc.</span> <span class='ocrx_word' id='word_1_184' title='bbox 668 1233 795 1267; x_wconf 86' lang='lat' dir='ltr'>eadem</span> <span class='ocrx_word' id='word_1_185' title='bbox 814 1233 871 1267; x_wconf 88' lang='lat' dir='ltr'>hic</span> <span class='ocrx_word' id='word_1_186' title='bbox 886 1234 1151 1268; x_wconf 82' lang='lat' dir='ltr'>Demosthenes</span> <span class='ocrx_word' id='word_1_187' title='bbox 1169 1233 1364 1278; x_wconf 85' lang='lat' dir='ltr'>postulavit</span> <span class='ocrx_word' id='word_1_188' title='bbox 1380 1233 1591 1267; x_wconf 84' lang='lat' dir='ltr'>AEschinem</span> <span class='ocrx_word' id='word_1_189' title='bbox 1609 1238 1639 1266; x_wconf 92' lang='grc' dir='ltr'><em>Π</em></span> <span class='ocrx_word' id='word_1_190' title='bbox 1652 1247 1692 1265; x_wconf 86' lang='grc' dir='ltr'>α-</span> 
     </span>
     <span class='ocr_line' id='line_1_20' title="bbox 227 1287 1692 1333; baseline -0.001 -12"><span class='ocrx_word' id='word_1_191' title='bbox 227 1303 278 1333; x_wconf 82' lang='grc' dir='ltr'>ρα</span> <span class='ocrx_word' id='word_1_192' title='bbox 291 1302 317 1321; x_wconf 86' lang='grc' dir='ltr'>π</span> <span class='ocrx_word' id='word_1_193' title='bbox 329 1302 346 1333; x_wconf 85' lang='grc' dir='ltr'>ρ</span> <span class='ocrx_word' id='word_1_194' title='bbox 358 1303 371 1322; x_wconf 83' lang='grc' dir='ltr'><em>ε</em></span> <span class='ocrx_word' id='word_1_195' title='bbox 385 1290 517 1331; x_wconf 84' lang='grc' dir='ltr'>σβεία</span> <span class='ocrx_word' id='word_1_196' title='bbox 529 1303 558 1328; x_wconf 82' lang='grc' dir='ltr'>ς.</span> <span class='ocrx_word' id='word_1_197' title='bbox 608 1288 693 1330; x_wconf 85' lang='lat' dir='ltr'>Qua</span> <span class='ocrx_word' id='word_1_198' title='bbox 715 1288 754 1321; x_wconf 91' lang='lat' dir='ltr'>in</span> <span class='ocrx_word' id='word_1_199' title='bbox 772 1299 882 1322; x_wconf 86' lang='lat' dir='ltr'>causa</span> <span class='ocrx_word' id='word_1_200' title='bbox 900 1291 979 1333; x_wconf 85' lang='grc' dir='ltr'>Περὶ</span> <span class='ocrx_word' id='word_1_201' title='bbox 1004 1292 1099 1322; x_wconf 83' lang='lat' dir='ltr'>esset</span> <span class='ocrx_word' id='word_1_202' title='bbox 1122 1288 1251 1322; x_wconf 89' lang='lat' dir='ltr'>inutile</span> <span class='ocrx_word' id='word_1_203' title='bbox 1269 1287 1479 1328; x_wconf 85' lang='lat' dir='ltr'>admodum,</span> <span class='ocrx_word' id='word_1_204' title='bbox 1501 1289 1538 1320; x_wconf 88' lang='lat' dir='ltr'>et</span> <span class='ocrx_word' id='word_1_205' title='bbox 1562 1289 1692 1331; x_wconf 78' lang='lat' dir='ltr'>praeter</span> 
     </span>
     <span class='ocr_line' id='line_1_21' title="bbox 229 1342 1693 1386; baseline -0.001 -10"><span class='ocrx_word' id='word_1_206' title='bbox 229 1344 376 1377; x_wconf 86' lang='lat' dir='ltr'>solitum</span> <span class='ocrx_word' id='word_1_207' title='bbox 393 1343 674 1377; x_wconf 85' lang='lat' dir='ltr'>Atheniensium</span> <span class='ocrx_word' id='word_1_208' title='bbox 690 1353 842 1378; x_wconf 90' lang='lat' dir='ltr'>morem.</span> <span class='ocrx_word' id='word_1_209' title='bbox 892 1343 951 1377; x_wconf 90' lang='lat' dir='ltr'>Ita</span> <span class='ocrx_word' id='word_1_210' title='bbox 967 1343 1184 1377; x_wconf 84' lang='lat' dir='ltr'>Scholiastes</span> <span class='ocrx_word' id='word_1_211' title='bbox 1198 1342 1423 1386; x_wconf 79' lang='lat' dir='ltr'>Thucydidis</span> <span class='ocrx_word' id='word_1_212' title='bbox 1439 1342 1511 1376; x_wconf 91' lang='lat' dir='ltr'>VI.</span> <span class='ocrx_word' id='word_1_213' title='bbox 1528 1345 1586 1376; x_wconf 86' lang='lat'>91.</span> <span class='ocrx_word' id='word_1_214' title='bbox 1604 1352 1693 1375; x_wconf 89' lang='lat' dir='ltr'>enu-</span> 
     </span>
     <span class='ocr_line' id='line_1_22' title="bbox 229 1397 1691 1443; baseline -0.001 -12"><span class='ocrx_word' id='word_1_215' title='bbox 229 1401 347 1431; x_wconf 81' lang='lat' dir='ltr'>merat</span> <span class='ocrx_word' id='word_1_216' title='bbox 377 1401 507 1442; x_wconf 83' lang='grc' dir='ltr'>γραφὰς</span> <span class='ocrx_word' id='word_1_217' title='bbox 537 1399 753 1442; x_wconf 74' lang='grc' dir='ltr'>Δωροδοκίας,</span> <span class='ocrx_word' id='word_1_218' title='bbox 779 1399 935 1443; x_wconf 78' lang='grc' dir='ltr'><em>Ὕβρεως,</em></span> <span class='ocrx_word' id='word_1_219' title='bbox 960 1399 1201 1441; x_wconf 86' lang='grc' dir='ltr'>Συκοφαντίας,</span> <span class='ocrx_word' id='word_1_220' title='bbox 1232 1399 1405 1441; x_wconf 82' lang='grc' dir='ltr'>Μοιχείας,</span> <span class='ocrx_word' id='word_1_221' title='bbox 1428 1397 1691 1441; x_wconf 83' lang='grc' dir='ltr'>Ψευδογραφίας,</span> 
     </span>
     <span class='ocr_line' id='line_1_23' title="bbox 230 1451 1692 1497; baseline -0.002 -11"><span class='ocrx_word' id='word_1_222' title='bbox 230 1457 260 1486; x_wconf 88' lang='grc' dir='ltr'>ΙΙ</span> <span class='ocrx_word' id='word_1_223' title='bbox 271 1467 292 1485; x_wconf 87' lang='grc' dir='ltr'>α</span> <span class='ocrx_word' id='word_1_224' title='bbox 303 1466 322 1496; x_wconf 90' lang='grc' dir='ltr'>ρ</span> <span class='ocrx_word' id='word_1_225' title='bbox 333 1467 354 1485; x_wconf 84' lang='grc' dir='ltr'>α</span> <span class='ocrx_word' id='word_1_226' title='bbox 366 1466 393 1486; x_wconf 87' lang='grc' dir='ltr'>π</span> <span class='ocrx_word' id='word_1_227' title='bbox 402 1467 421 1497; x_wconf 90' lang='grc' dir='ltr'><em>ρ</em></span> <span class='ocrx_word' id='word_1_228' title='bbox 433 1467 446 1486; x_wconf 87' lang='grc' dir='ltr'>ε</span> <span class='ocrx_word' id='word_1_229' title='bbox 458 1466 478 1485; x_wconf 94' lang='grc' dir='ltr'>σ</span> <span class='ocrx_word' id='word_1_230' title='bbox 487 1455 511 1496; x_wconf 80' lang='grc' dir='ltr'><em>β</em></span> <span class='ocrx_word' id='word_1_231' title='bbox 523 1467 535 1486; x_wconf 88' lang='grc' dir='ltr'><em>ε</em></span> <span class='ocrx_word' id='word_1_232' title='bbox 549 1455 590 1486; x_wconf 86' lang='grc' dir='ltr'>ία</span> <span class='ocrx_word' id='word_1_233' title='bbox 600 1467 629 1495; x_wconf 79' lang='grc' dir='ltr'>ς,</span> <span class='ocrx_word' id='word_1_234' title='bbox 656 1456 932 1497; x_wconf 80' lang='grc' dir='ltr'>Λειποστρατίου.</span> <span class='ocrx_word' id='word_1_235' title='bbox 963 1453 1013 1486; x_wconf 88' lang='lat' dir='ltr'>Et</span> <span class='ocrx_word' id='word_1_236' title='bbox 1036 1453 1168 1486; x_wconf 85' lang='lat' dir='ltr'>Pollux</span> <span class='ocrx_word' id='word_1_237' title='bbox 1184 1451 1297 1486; x_wconf 86' lang='lat' dir='ltr'>VIII.</span> <span class='ocrx_word' id='word_1_238' title='bbox 1315 1455 1349 1485; x_wconf 88' lang='grc'>6.</span> <span class='ocrx_word' id='word_1_239' title='bbox 1364 1452 1469 1491; x_wconf 75' lang='grc' dir='ltr'>Ἰὂίως</span> <span class='ocrx_word' id='word_1_240' title='bbox 1484 1453 1506 1491; x_wconf 85' lang='grc' dir='ltr'>ἡ</span> <span class='ocrx_word' id='word_1_241' title='bbox 1522 1453 1608 1485; x_wconf 85' lang='grc' dir='ltr'>κατὰ</span> <span class='ocrx_word' id='word_1_242' title='bbox 1623 1455 1692 1484; x_wconf 82' lang='grc' dir='ltr'>τῶν</span> 
     </span>
     <span class='ocr_line' id='line_1_24' title="bbox 230 1505 1693 1552; baseline -0.001 -11"><span class='ocrx_word' id='word_1_243' title='bbox 230 1509 453 1551; x_wconf 79' lang='grc' dir='ltr'>Πρεσβευτῶν</span> <span class='ocrx_word' id='word_1_244' title='bbox 471 1511 582 1552; x_wconf 84' lang='grc' dir='ltr'>Γραφή</span> <span class='ocrx_word' id='word_1_245' title='bbox 611 1521 638 1540; x_wconf 92' lang='grc' dir='ltr'>π</span> <span class='ocrx_word' id='word_1_246' title='bbox 649 1522 670 1540; x_wconf 87' lang='grc' dir='ltr'>α</span> <span class='ocrx_word' id='word_1_247' title='bbox 681 1521 699 1552; x_wconf 84' lang='grc' dir='ltr'>ρ</span> <span class='ocrx_word' id='word_1_248' title='bbox 710 1522 731 1540; x_wconf 89' lang='grc' dir='ltr'>α</span> <span class='ocrx_word' id='word_1_249' title='bbox 743 1521 768 1540; x_wconf 87' lang='grc' dir='ltr'>π</span> <span class='ocrx_word' id='word_1_250' title='bbox 780 1521 798 1552; x_wconf 84' lang='grc' dir='ltr'>ρ</span> <span class='ocrx_word' id='word_1_251' title='bbox 810 1521 823 1540; x_wconf 86' lang='grc' dir='ltr'>ε</span> <span class='ocrx_word' id='word_1_252' title='bbox 837 1521 856 1540; x_wconf 94' lang='grc' dir='ltr'>σ</span> <span class='ocrx_word' id='word_1_253' title='bbox 867 1509 891 1550; x_wconf 80' lang='grc' dir='ltr'><em>β</em></span> <span class='ocrx_word' id='word_1_254' title='bbox 903 1521 915 1540; x_wconf 80' lang='grc' dir='ltr'>ε</span> <span class='ocrx_word' id='word_1_255' title='bbox 928 1509 967 1540; x_wconf 85' lang='grc' dir='ltr'>ία</span> <span class='ocrx_word' id='word_1_256' title='bbox 979 1521 996 1547; x_wconf 83' lang='grc' dir='ltr'>ς</span> <span class='ocrx_word' id='word_1_257' title='bbox 1020 1508 1162 1551; x_wconf 78' lang='grc' dir='ltr'>ἐλέγετο.</span> <span class='ocrx_word' id='word_1_258' title='bbox 1213 1506 1263 1540; x_wconf 89' lang='lat' dir='ltr'>Et</span> <span class='ocrx_word' id='word_1_259' title='bbox 1289 1505 1374 1539; x_wconf 86' lang='lat' dir='ltr'>alibi</span> <span class='ocrx_word' id='word_1_260' title='bbox 1399 1506 1574 1539; x_wconf 76' lang='lat' dir='ltr'>similiter.</span> <span class='ocrx_word' id='word_1_261' title='bbox 1617 1506 1693 1539; x_wconf 88' lang='lat' dir='ltr'>Ac-</span> 
     </span>
     <span class='ocr_line' id='line_1_25' title="bbox 229 1561 1692 1606; baseline 0 -11"><span class='ocrx_word' id='word_1_262' title='bbox 229 1562 336 1595; x_wconf 85' lang='lat' dir='ltr'>cedat</span> <span class='ocrx_word' id='word_1_263' title='bbox 360 1563 612 1606; x_wconf 84' lang='lat' dir='ltr'>Hermogenes</span> <span class='ocrx_word' id='word_1_264' title='bbox 636 1563 698 1597; x_wconf 89' lang='lat' dir='ltr'>lib.</span> <span class='ocrx_word' id='word_1_265' title='bbox 724 1562 755 1597; x_wconf 94' lang='lat' dir='ltr'>I.</span> <span class='ocrx_word' id='word_1_266' title='bbox 778 1563 823 1596; x_wconf 92' lang='lat' dir='ltr'>de</span> <span class='ocrx_word' id='word_1_267' title='bbox 850 1563 997 1596; x_wconf 85' lang='lat' dir='ltr'>Invent.</span> <span class='ocrx_word' id='word_1_268' title='bbox 1015 1573 1097 1606; x_wconf 81' lang='lat' dir='ltr'>pag.</span> <span class='ocrx_word' id='word_1_269' title='bbox 1120 1561 1218 1595; x_wconf 89' lang='lat' dir='ltr'>Edit.</span> <span class='ocrx_word' id='word_1_270' title='bbox 1245 1561 1344 1595; x_wconf 88' lang='lat' dir='ltr'>Porti</span> <span class='ocrx_word' id='word_1_271' title='bbox 1362 1565 1440 1595; x_wconf 86' lang='lat'>102.</span> <span class='ocrx_word' id='word_1_272' title='bbox 1489 1562 1692 1606; x_wconf 79' lang='grc' dir='ltr'>Πρεσβεύων</span> 
     </span>
     <span class='ocr_line' id='line_1_26' title="bbox 228 1618 1694 1663; baseline -0.001 -13"><span class='ocrx_word' id='word_1_273' title='bbox 228 1618 396 1661; x_wconf 81' lang='grc' dir='ltr'><strong><em>Αἰσχίνης</em></strong></span> <span class='ocrx_word' id='word_1_274' title='bbox 420 1620 514 1663; x_wconf 77' lang='grc' dir='ltr'>παρὰ</span> <span class='ocrx_word' id='word_1_275' title='bbox 539 1621 600 1651; x_wconf 88' lang='grc' dir='ltr'>τὸν</span> <span class='ocrx_word' id='word_1_276' title='bbox 626 1620 799 1652; x_wconf 88' lang='grc' dir='ltr'>Φίλιππον</span> <span class='ocrx_word' id='word_1_277' title='bbox 816 1637 863 1642; x_wconf 92' lang='lat'>--</span> <span class='ocrx_word' id='word_1_278' title='bbox 880 1620 1086 1663; x_wconf 80' lang='grc' dir='ltr'>κρίνεται</span> <span class='ocrx_word' id='word_1_279' title='bbox 1117 1629 1328 1661; x_wconf 80' lang='grc' dir='ltr'>παραπρε</span> <span class='ocrx_word' id='word_1_280' title='bbox 1342 1618 1420 1659; x_wconf 83' lang='grc' dir='ltr'>σβε</span> <span class='ocrx_word' id='word_1_281' title='bbox 1434 1619 1505 1655; x_wconf 87' lang='grc' dir='ltr'>ίας</span> <span class='ocrx_word' id='word_1_282' title='bbox 1531 1619 1599 1650; x_wconf 84' lang='grc' dir='ltr'>ὑπὸ</span> <span class='ocrx_word' id='word_1_283' title='bbox 1628 1622 1694 1658; x_wconf 91' lang='grc' dir='ltr'>Δη-</span> 
     </span>
     <span class='ocr_line' id='line_1_27' title="bbox 227 1672 1693 1717; baseline -0.001 -12"><span class='ocrx_word' id='word_1_284' title='bbox 227 1673 423 1717; x_wconf 75' lang='grc' dir='ltr'>μοσθένους.</span> <span class='ocrx_word' id='word_1_285' title='bbox 473 1673 523 1706; x_wconf 88' lang='lat' dir='ltr'>Et</span> <span class='ocrx_word' id='word_1_286' title='bbox 540 1672 636 1715; x_wconf 80' lang='lat' dir='ltr'>alibi,</span> <span class='ocrx_word' id='word_1_287' title='bbox 653 1683 701 1706; x_wconf 79' lang='lat' dir='ltr'>Sc.</span> <span class='ocrx_word' id='word_1_288' title='bbox 725 1683 807 1717; x_wconf 75' lang='lat' dir='ltr'>pag.</span> <span class='ocrx_word' id='word_1_289' title='bbox 825 1676 882 1707; x_wconf 85' lang='lat'>70.</span> <span class='ocrx_word' id='word_1_290' title='bbox 912 1673 1077 1715; x_wconf 81' lang='grc' dir='ltr'>Αἰσχίνης</span> <span class='ocrx_word' id='word_1_291' title='bbox 1104 1674 1157 1704; x_wconf 82' lang='grc' dir='ltr'>καὶ</span> <span class='ocrx_word' id='word_1_292' title='bbox 1182 1672 1399 1716; x_wconf 82' lang='grc' dir='ltr'>Δημοσθένης</span> <span class='ocrx_word' id='word_1_293' title='bbox 1422 1672 1493 1705; x_wconf 83' lang='grc' dir='ltr'>ἀπὸ</span> <span class='ocrx_word' id='word_1_294' title='bbox 1518 1675 1580 1712; x_wconf 80' lang='grc' dir='ltr'>τῆς</span> <span class='ocrx_word' id='word_1_295' title='bbox 1600 1673 1693 1716; x_wconf 80' lang='grc' dir='ltr'>παρὰ</span> 
     </span>
     <span class='ocr_line' id='line_1_28' title="bbox 230 1727 1691 1772; baseline -0.001 -12"><span class='ocrx_word' id='word_1_296' title='bbox 230 1729 405 1762; x_wconf 78' lang='grc' dir='ltr'>Φίλιππόν</span> <span class='ocrx_word' id='word_1_297' title='bbox 437 1730 575 1769; x_wconf 78' lang='grc' dir='ltr'>ἥκοντες</span> <span class='ocrx_word' id='word_1_298' title='bbox 600 1729 781 1772; x_wconf 80' lang='grc' dir='ltr'>πρεσβείας</span> <span class='ocrx_word' id='word_1_299' title='bbox 808 1729 1077 1772; x_wconf 78' lang='grc' dir='ltr'>ἀντεγκαλοῦσιν</span> <span class='ocrx_word' id='word_1_300' title='bbox 1105 1728 1281 1767; x_wconf 78' lang='grc' dir='ltr'>ἀλλήλοις·</span> <span class='ocrx_word' id='word_1_301' title='bbox 1308 1727 1419 1767; x_wconf 79' lang='grc' dir='ltr'>ἐπειδὴ</span> <span class='ocrx_word' id='word_1_302' title='bbox 1437 1728 1453 1759; x_wconf 88' lang='grc' dir='ltr'><strong>ὁ</strong></span> <span class='ocrx_word' id='word_1_303' title='bbox 1479 1729 1540 1771; x_wconf 86' lang='grc' dir='ltr'>μὲν</span> <span class='ocrx_word' id='word_1_304' title='bbox 1554 1746 1599 1751; x_wconf 87' lang='lat'>—-</span> <span class='ocrx_word' id='word_1_305' title='bbox 1616 1729 1633 1760; x_wconf 90' lang='grc' dir='ltr'><strong>ὁ</strong></span> <span class='ocrx_word' id='word_1_306' title='bbox 1660 1728 1691 1760; x_wconf 80' lang='grc' dir='ltr'>δὲ</span> 
     </span>
     <span class='ocr_line' id='line_1_29' title="bbox 229 1781 1692 1828; baseline -0.001 -13"><span class='ocrx_word' id='word_1_307' title='bbox 229 1784 251 1815; x_wconf 89' lang='grc' dir='ltr'><em>ἀ</em></span> <span class='ocrx_word' id='word_1_308' title='bbox 264 1796 291 1815; x_wconf 89' lang='grc' dir='ltr'>π</span> <span class='ocrx_word' id='word_1_309' title='bbox 303 1797 319 1815; x_wconf 88' lang='grc' dir='ltr'>ο</span> <span class='ocrx_word' id='word_1_310' title='bbox 330 1785 352 1815; x_wconf 90' lang='grc' dir='ltr'>λ</span> <span class='ocrx_word' id='word_1_311' title='bbox 363 1797 379 1815; x_wconf 92' lang='lat'>0</span> <span class='ocrx_word' id='word_1_312' title='bbox 393 1798 412 1827; x_wconf 83' lang='grc' dir='ltr'><em>γ</em></span> <span class='ocrx_word' id='word_1_313' title='bbox 425 1785 435 1815; x_wconf 94' lang='grc' dir='ltr'>ί</span> <span class='ocrx_word' id='word_1_314' title='bbox 447 1797 467 1815; x_wconf 86' lang='grc' dir='ltr'>α</span> <span class='ocrx_word' id='word_1_315' title='bbox 478 1797 499 1816; x_wconf 87' lang='grc' dir='ltr'><em>ν</em></span> <span class='ocrx_word' id='word_1_316' title='bbox 527 1796 553 1816; x_wconf 89' lang='grc' dir='ltr'>π</span> <span class='ocrx_word' id='word_1_317' title='bbox 564 1797 585 1816; x_wconf 91' lang='grc' dir='ltr'>α</span> <span class='ocrx_word' id='word_1_318' title='bbox 596 1796 613 1827; x_wconf 81' lang='grc' dir='ltr'>ρ</span> <span class='ocrx_word' id='word_1_319' title='bbox 625 1797 646 1815; x_wconf 89' lang='grc' dir='ltr'>α</span> <span class='ocrx_word' id='word_1_320' title='bbox 659 1796 685 1816; x_wconf 88' lang='grc' dir='ltr'>π</span> <span class='ocrx_word' id='word_1_321' title='bbox 695 1797 712 1828; x_wconf 80' lang='grc' dir='ltr'>ρ</span> <span class='ocrx_word' id='word_1_322' title='bbox 725 1797 737 1816; x_wconf 85' lang='grc' dir='ltr'>ε</span> <span class='ocrx_word' id='word_1_323' title='bbox 750 1785 801 1826; x_wconf 83' lang='grc' dir='ltr'>σβ</span> <span class='ocrx_word' id='word_1_324' title='bbox 813 1797 825 1816; x_wconf 79' lang='grc' dir='ltr'><strong><em>ε</em></strong></span> <span class='ocrx_word' id='word_1_325' title='bbox 839 1784 848 1815; x_wconf 89' lang='grc' dir='ltr'>ί</span> <span class='ocrx_word' id='word_1_326' title='bbox 861 1797 883 1815; x_wconf 89' lang='grc' dir='ltr'>α</span> <span class='ocrx_word' id='word_1_327' title='bbox 896 1796 913 1822; x_wconf 89' lang='grc' dir='ltr'>ς</span> <span class='ocrx_word' id='word_1_328' title='bbox 938 1782 1119 1826; x_wconf 78' lang='grc' dir='ltr'>γεγραφὼς,</span> <span class='ocrx_word' id='word_1_329' title='bbox 1134 1783 1151 1814; x_wconf 85' lang='grc' dir='ltr'><strong>ὁ</strong></span> <span class='ocrx_word' id='word_1_330' title='bbox 1171 1782 1348 1825; x_wconf 80' lang='grc' dir='ltr'>Αἰσχίνης.</span> <span class='ocrx_word' id='word_1_331' title='bbox 1381 1781 1431 1814; x_wconf 76' lang='lat' dir='ltr'>Et</span> <span class='ocrx_word' id='word_1_332' title='bbox 1450 1781 1572 1814; x_wconf 84' lang='lat' dir='ltr'>nescio</span> <span class='ocrx_word' id='word_1_333' title='bbox 1595 1791 1692 1823; x_wconf 83' lang='lat' dir='ltr'>sanc,</span> 
     </span>
     <span class='ocr_line' id='line_1_30' title="bbox 229 1833 1695 1885; baseline -0.001 -14"><span class='ocrx_word' id='word_1_334' title='bbox 229 1847 350 1872; x_wconf 86' lang='lat' dir='ltr'>annon</span> <span class='ocrx_word' id='word_1_335' title='bbox 374 1837 430 1871; x_wconf 89' lang='lat' dir='ltr'>his</span> <span class='ocrx_word' id='word_1_336' title='bbox 452 1837 606 1872; x_wconf 84' lang='lat' dir='ltr'>testibus</span> <span class='ocrx_word' id='word_1_337' title='bbox 632 1837 812 1872; x_wconf 84' lang='lat' dir='ltr'>accenseri</span> <span class='ocrx_word' id='word_1_338' title='bbox 835 1841 1018 1871; x_wconf 84' lang='lat' dir='ltr'>mereatur</span> <span class='ocrx_word' id='word_1_339' title='bbox 1046 1837 1125 1885; x_wconf 85' lang='lat' dir='ltr'>Cic.</span> <span class='ocrx_word' id='word_1_340' title='bbox 1146 1837 1247 1870; x_wconf 87' lang='lat' dir='ltr'>Orat.</span> <span class='ocrx_word' id='word_1_341' title='bbox 1265 1839 1324 1871; x_wconf 88' lang='grc'>31.</span> <span class='ocrx_word' id='word_1_342' title='bbox 1367 1833 1493 1870; x_wconf 74' lang='lat' dir='ltr'>Multoe</span> <span class='ocrx_word' id='word_1_343' title='bbox 1516 1841 1595 1869; x_wconf 77' lang='lat' dir='ltr'>sunt</span> <span class='ocrx_word' id='word_1_344' title='bbox 1618 1835 1695 1881; x_wconf 79' lang='lat' dir='ltr'>ejus</span> 
     </span>
     <span class='ocr_line' id='line_1_31' title="bbox 227 1890 1696 1938; baseline -0.002 -12"><span class='ocrx_word' id='word_1_345' title='bbox 227 1899 306 1927; x_wconf 62' lang='grc' dir='ltr'>τοία]</span> <span class='ocrx_word' id='word_1_346' title='bbox 323 1892 508 1927; x_wconf 79' lang='lat' dir='ltr'>Orationes</span> <span class='ocrx_word' id='word_1_347' title='bbox 524 1892 826 1927; x_wconf 61' lang='lat' dir='ltr'>subtiles—multae</span> <span class='ocrx_word' id='word_1_348' title='bbox 839 1899 918 1927; x_wconf 79' lang='lat' dir='ltr'>totoe</span> <span class='ocrx_word' id='word_1_349' title='bbox 927 1891 1215 1938; x_wconf 77' lang='lat' dir='ltr'>graves-multae</span> <span class='ocrx_word' id='word_1_350' title='bbox 1227 1891 1352 1925; x_wconf 73' lang='lat' dir='ltr'>varice:</span> <span class='ocrx_word' id='word_1_351' title='bbox 1368 1897 1405 1924; x_wconf 80' lang='lat' dir='ltr'>ut</span> <span class='ocrx_word' id='word_1_352' title='bbox 1421 1897 1540 1924; x_wconf 78' lang='lat' dir='ltr'>contra</span> <span class='ocrx_word' id='word_1_353' title='bbox 1557 1890 1696 1924; x_wconf 81' lang='lat' dir='ltr'>AEschi-</span> 
     </span>
     <span class='ocr_line' id='line_1_32' title="bbox 227 1946 1695 1993; baseline -0.001 -12"><span class='ocrx_word' id='word_1_354' title='bbox 227 1959 305 1982; x_wconf 75' lang='lat' dir='ltr'>nem</span> <span class='ocrx_word' id='word_1_355' title='bbox 321 1948 439 1982; x_wconf 81' lang='lat' dir='ltr'>Falsae</span> <span class='ocrx_word' id='word_1_356' title='bbox 455 1949 678 1993; x_wconf 84' lang='lat' dir='ltr'>Legationis,</span> <span class='ocrx_word' id='word_1_357' title='bbox 692 1955 731 1983; x_wconf 80' lang='lat' dir='ltr'>ut</span> <span class='ocrx_word' id='word_1_358' title='bbox 748 1956 869 1983; x_wconf 76' lang='lat' dir='ltr'>contra</span> <span class='ocrx_word' id='word_1_359' title='bbox 885 1949 1039 1991; x_wconf 79' lang='lat' dir='ltr'>eundem,</span> <span class='ocrx_word' id='word_1_360' title='bbox 1055 1960 1120 1993; x_wconf 83' lang='lat' dir='ltr'>pro</span> <span class='ocrx_word' id='word_1_361' title='bbox 1134 1959 1237 1981; x_wconf 81' lang='lat' dir='ltr'>causa</span> <span class='ocrx_word' id='word_1_362' title='bbox 1254 1946 1493 1992; x_wconf 78' lang='lat' dir='ltr'>Ctesiphontis.</span> <span class='ocrx_word' id='word_1_363' title='bbox 1520 1946 1603 1980; x_wconf 73' lang='lat' dir='ltr'>Pari</span> <span class='ocrx_word' id='word_1_364' title='bbox 1620 1947 1695 1980; x_wconf 90' lang='lat' dir='ltr'>feli-</span> 
     </span>
     <span class='ocr_line' id='line_1_33' title="bbox 229 2001 1695 2048; baseline -0.001 -12"><span class='ocrx_word' id='word_1_365' title='bbox 229 2003 339 2036; x_wconf 85' lang='lat' dir='ltr'>citate</span> <span class='ocrx_word' id='word_1_366' title='bbox 356 2006 392 2036; x_wconf 90' lang='lat' dir='ltr'>et</span> <span class='ocrx_word' id='word_1_367' title='bbox 408 2014 494 2037; x_wconf 84' lang='lat' dir='ltr'>cura</span> <span class='ocrx_word' id='word_1_368' title='bbox 509 2005 710 2048; x_wconf 89' lang='lat' dir='ltr'>loquuntur</span> <span class='ocrx_word' id='word_1_369' title='bbox 727 2004 943 2038; x_wconf 83' lang='lat' dir='ltr'>Plutarchus</span> <span class='ocrx_word' id='word_1_370' title='bbox 961 2007 997 2036; x_wconf 89' lang='lat' dir='ltr'>et</span> <span class='ocrx_word' id='word_1_371' title='bbox 1016 2003 1166 2036; x_wconf 88' lang='lat' dir='ltr'>Photius</span> <span class='ocrx_word' id='word_1_372' title='bbox 1184 2013 1268 2036; x_wconf 82' lang='lat' dir='ltr'>mox</span> <span class='ocrx_word' id='word_1_373' title='bbox 1287 2013 1307 2035; x_wconf 91' lang='lat' dir='ltr'>a</span> <span class='ocrx_word' id='word_1_374' title='bbox 1335 2012 1392 2035; x_wconf 87' lang='lat' dir='ltr'>me</span> <span class='ocrx_word' id='word_1_375' title='bbox 1416 2001 1453 2034; x_wconf 88' lang='lat' dir='ltr'>in</span> <span class='ocrx_word' id='word_1_376' title='bbox 1477 2001 1545 2035; x_wconf 88' lang='lat' dir='ltr'>hoc</span> <span class='ocrx_word' id='word_1_377' title='bbox 1563 2004 1695 2035; x_wconf 83' lang='lat' dir='ltr'>tracta-</span> 
     </span>
     <span class='ocr_line' id='line_1_34' title="bbox 228 2056 1694 2103; baseline -0.001 -13"><span class='ocrx_word' id='word_1_378' title='bbox 228 2059 307 2091; x_wconf 87' lang='lat' dir='ltr'>tulo</span> <span class='ocrx_word' id='word_1_379' title='bbox 333 2057 551 2093; x_wconf 80' lang='lat' dir='ltr'>adducendi.</span> <span class='ocrx_word' id='word_1_380' title='bbox 595 2059 714 2092; x_wconf 88' lang='lat' dir='ltr'>Immo</span> <span class='ocrx_word' id='word_1_381' title='bbox 731 2070 872 2103; x_wconf 89' lang='lat' dir='ltr'>semper</span> <span class='ocrx_word' id='word_1_382' title='bbox 888 2059 939 2092; x_wconf 86' lang='lat' dir='ltr'>ita</span> <span class='ocrx_word' id='word_1_383' title='bbox 965 2058 1125 2092; x_wconf 90' lang='lat' dir='ltr'>scribunt</span> <span class='ocrx_word' id='word_1_384' title='bbox 1142 2056 1394 2090; x_wconf 85' lang='lat' dir='ltr'>accuratiores.</span> <span class='ocrx_word' id='word_1_385' title='bbox 1437 2057 1494 2094; x_wconf 77' lang='grc' dir='ltr'>Ὠς</span> <span class='ocrx_word' id='word_1_386' title='bbox 1522 2058 1694 2095; x_wconf 76' lang='grc' dir='ltr'>ἐπανῆκον</span> 
     </span>
     <span class='ocr_line' id='line_1_35' title="bbox 229 2112 1695 2158; baseline -0.002 -13"><span class='ocrx_word' id='word_1_387' title='bbox 229 2114 262 2145; x_wconf 72' lang='grc' dir='ltr'>ἐκ</span> <span class='ocrx_word' id='word_1_388' title='bbox 281 2116 342 2153; x_wconf 85' lang='grc' dir='ltr'>τῆς</span> <span class='ocrx_word' id='word_1_389' title='bbox 357 2114 497 2158; x_wconf 73' lang='grc' dir='ltr'>ὑστέρας</span> <span class='ocrx_word' id='word_1_390' title='bbox 523 2115 715 2158; x_wconf 79' lang='grc' dir='ltr'><em>πρεσβείας,</em></span> <span class='ocrx_word' id='word_1_391' title='bbox 744 2118 806 2153; x_wconf 85' lang='grc' dir='ltr'>τῆς</span> <span class='ocrx_word' id='word_1_392' title='bbox 830 2115 885 2146; x_wconf 75' lang='grc' dir='ltr'>ἐπὶ</span> <span class='ocrx_word' id='word_1_393' title='bbox 912 2116 989 2152; x_wconf 83' lang='grc' dir='ltr'>τοὺς</span> <span class='ocrx_word' id='word_1_394' title='bbox 1017 2114 1145 2156; x_wconf 78' lang='grc' dir='ltr'>ὅρκους,</span> <span class='ocrx_word' id='word_1_395' title='bbox 1173 2114 1218 2155; x_wconf 79' lang='grc' dir='ltr'>ἐγ</span> <span class='ocrx_word' id='word_1_396' title='bbox 1230 2125 1246 2155; x_wconf 83' lang='grc' dir='ltr'>ρ</span> <span class='ocrx_word' id='word_1_397' title='bbox 1259 2112 1279 2142; x_wconf 85' lang='grc' dir='ltr'><em>ά</em></span> <span class='ocrx_word' id='word_1_398' title='bbox 1290 2112 1316 2154; x_wconf 80' lang='grc' dir='ltr'><em>ψ</em></span> <span class='ocrx_word' id='word_1_399' title='bbox 1327 2125 1348 2143; x_wconf 85' lang='grc' dir='ltr'>α</span> <span class='ocrx_word' id='word_1_400' title='bbox 1359 2125 1379 2144; x_wconf 93' lang='grc' dir='ltr'>ν</span> <span class='ocrx_word' id='word_1_401' title='bbox 1392 2124 1411 2143; x_wconf 91' lang='grc' dir='ltr'>τ</span> <span class='ocrx_word' id='word_1_402' title='bbox 1421 2124 1438 2143; x_wconf 92' lang='lat'>0</span> <span class='ocrx_word' id='word_1_403' title='bbox 1471 2123 1497 2143; x_wconf 91' lang='grc' dir='ltr'>π</span> <span class='ocrx_word' id='word_1_404' title='bbox 1508 2124 1529 2143; x_wconf 87' lang='grc' dir='ltr'>α</span> <span class='ocrx_word' id='word_1_405' title='bbox 1540 2124 1557 2154; x_wconf 79' lang='grc' dir='ltr'>ρ</span> <span class='ocrx_word' id='word_1_406' title='bbox 1569 2124 1590 2142; x_wconf 86' lang='grc' dir='ltr'>α</span> <span class='ocrx_word' id='word_1_407' title='bbox 1603 2123 1629 2142; x_wconf 83' lang='grc' dir='ltr'>π</span> <span class='ocrx_word' id='word_1_408' title='bbox 1639 2124 1656 2154; x_wconf 81' lang='grc' dir='ltr'>ρ</span> <span class='ocrx_word' id='word_1_409' title='bbox 1666 2124 1695 2143; x_wconf 82' lang='grc' dir='ltr'>ε-</span> 
     </span>
     <span class='ocr_line' id='line_1_36' title="bbox 224 2164 1694 2213; baseline -0.003 -11"><span class='ocrx_word' id='word_1_410' title='bbox 224 2169 281 2211; x_wconf 69' lang='grc' dir='ltr'>Δσβ</span> <span class='ocrx_word' id='word_1_411' title='bbox 293 2181 306 2201; x_wconf 82' lang='grc' dir='ltr'><em>ε</em></span> <span class='ocrx_word' id='word_1_412' title='bbox 319 2169 329 2200; x_wconf 88' lang='grc' dir='ltr'>ί</span> <span class='ocrx_word' id='word_1_413' title='bbox 341 2182 393 2213; x_wconf 20' lang='grc' dir='ltr'>ας,</span> <span class='ocrx_word' id='word_1_414' title='bbox 413 2170 581 2211; x_wconf 79' lang='grc' dir='ltr'>Αἰσχίνην</span> <span class='ocrx_word' id='word_1_415' title='bbox 607 2169 822 2213; x_wconf 78' lang='grc' dir='ltr'>Δημοσθένης</span> <span class='ocrx_word' id='word_1_416' title='bbox 839 2182 872 2201; x_wconf 87' lang='grc' dir='ltr'>τε</span> <span class='ocrx_word' id='word_1_417' title='bbox 889 2170 943 2201; x_wconf 82' lang='grc' dir='ltr'>καὶ</span> <span class='ocrx_word' id='word_1_418' title='bbox 956 2170 1135 2212; x_wconf 80' lang='grc' dir='ltr'>Τίμαρχος.</span> <span class='ocrx_word' id='word_1_419' title='bbox 1150 2166 1301 2209; x_wconf 85' lang='lat' dir='ltr'>Argum.</span> <span class='ocrx_word' id='word_1_420' title='bbox 1331 2166 1431 2199; x_wconf 79' lang='lat' dir='ltr'>Orat.</span> <span class='ocrx_word' id='word_1_421' title='bbox 1450 2164 1612 2198; x_wconf 83' lang='lat' dir='ltr'>AEscllin.</span> <span class='ocrx_word' id='word_1_422' title='bbox 1632 2165 1694 2198; x_wconf 79' lang='lat' dir='ltr'>atl-</span> 
     </span>
     <span class='ocr_line' id='line_1_37' title="bbox 230 2222 1694 2267; baseline -0.003 -12"><span class='ocrx_word' id='word_1_423' title='bbox 230 2223 408 2257; x_wconf 78' lang='lat' dir='ltr'>versariae.</span> <span class='ocrx_word' id='word_1_424' title='bbox 460 2224 510 2257; x_wconf 83' lang='lat' dir='ltr'>Et</span> <span class='ocrx_word' id='word_1_425' title='bbox 534 2223 675 2262; x_wconf 82' lang='lat' dir='ltr'>deinde,</span> <span class='ocrx_word' id='word_1_426' title='bbox 703 2222 931 2267; x_wconf 81' lang='lat' dir='ltr'>paucissimis</span> <span class='ocrx_word' id='word_1_427' title='bbox 960 2222 1169 2265; x_wconf 85' lang='lat' dir='ltr'>interjectis,</span> <span class='ocrx_word' id='word_1_428' title='bbox 1196 2224 1261 2265; x_wconf 83' lang='grc' dir='ltr'>πρὸ</span> <span class='ocrx_word' id='word_1_429' title='bbox 1289 2223 1348 2254; x_wconf 80' lang='grc' dir='ltr'>τοῦ</span> <span class='ocrx_word' id='word_1_430' title='bbox 1375 2224 1436 2260; x_wconf 84' lang='grc' dir='ltr'>τῆς</span> <span class='ocrx_word' id='word_1_431' title='bbox 1467 2233 1694 2263; x_wconf 83' lang='grc' dir='ltr'>παραπρε-</span> 
     </span>
     <span class='ocr_line' id='line_1_38' title="bbox 231 2275 1695 2322; baseline -0.001 -12"><span class='ocrx_word' id='word_1_432' title='bbox 231 2279 286 2320; x_wconf 86' lang='grc' dir='ltr'>σβ</span> <span class='ocrx_word' id='word_1_433' title='bbox 298 2291 310 2310; x_wconf 82' lang='grc' dir='ltr'>ε</span> <span class='ocrx_word' id='word_1_434' title='bbox 323 2280 363 2310; x_wconf 74' lang='lat' dir='ltr'>ia</span> <span class='ocrx_word' id='word_1_435' title='bbox 376 2292 392 2317; x_wconf 82' lang='grc' dir='ltr'>ς</span> <span class='ocrx_word' id='word_1_436' title='bbox 424 2279 568 2322; x_wconf 80' lang='grc' dir='ltr'>ἀγῶνος.</span> <span class='ocrx_word' id='word_1_437' title='bbox 617 2279 768 2321; x_wconf 83' lang='lat' dir='ltr'>Semper</span> <span class='ocrx_word' id='word_1_438' title='bbox 787 2278 944 2321; x_wconf 88' lang='lat' dir='ltr'>denique</span> <span class='ocrx_word' id='word_1_439' title='bbox 971 2278 1021 2310; x_wconf 82' lang='lat' dir='ltr'>ita</span> <span class='ocrx_word' id='word_1_440' title='bbox 1037 2277 1278 2320; x_wconf 76' lang='lat' dir='ltr'>indigitantur</span> <span class='ocrx_word' id='word_1_441' title='bbox 1297 2275 1488 2309; x_wconf 84' lang='lat' dir='ltr'>Orationes</span> <span class='ocrx_word' id='word_1_442' title='bbox 1505 2275 1695 2314; x_wconf 63' lang='lat' dir='ltr'>Fon-enses,</span> 
     </span>
     <span class='ocr_line' id='line_1_39' title="bbox 229 2325 1696 2376; baseline -0.003 -11"><span class='ocrx_word' id='word_1_443' title='bbox 229 2333 283 2365; x_wconf 86' lang='lat' dir='ltr'>uti</span> <span class='ocrx_word' id='word_1_444' title='bbox 302 2332 399 2376; x_wconf 86' lang='lat' dir='ltr'>apud</span> <span class='ocrx_word' id='word_1_445' title='bbox 417 2333 563 2375; x_wconf 80' lang='lat' dir='ltr'>Lysiam</span> <span class='ocrx_word' id='word_1_446' title='bbox 578 2325 764 2376; x_wconf 82' lang='lat' dir='ltr'>plurimae:</span> <span class='ocrx_word' id='word_1_447' title='bbox 785 2333 860 2365; x_wconf 88' lang='lat' dir='ltr'>scil.</span> <span class='ocrx_word' id='word_1_448' title='bbox 874 2333 971 2376; x_wconf 75' lang='grc' dir='ltr'>Ὑπὲρ</span> <span class='ocrx_word' id='word_1_449' title='bbox 989 2334 1141 2364; x_wconf 82' lang='grc' dir='ltr'>Καλλίου</span> <span class='ocrx_word' id='word_1_450' title='bbox 1165 2332 1198 2363; x_wconf 74' lang='grc' dir='ltr'>ἰε</span> <span class='ocrx_word' id='word_1_451' title='bbox 1211 2345 1228 2375; x_wconf 85' lang='grc' dir='ltr'>ρ</span> <span class='ocrx_word' id='word_1_452' title='bbox 1239 2345 1255 2364; x_wconf 92' lang='grc' dir='ltr'>ο</span> <span class='ocrx_word' id='word_1_453' title='bbox 1269 2343 1288 2362; x_wconf 75' lang='lat' dir='ltr'>a</span> <span class='ocrx_word' id='word_1_454' title='bbox 1299 2345 1317 2363; x_wconf 80' lang='grc' dir='ltr'>υ</span> <span class='ocrx_word' id='word_1_455' title='bbox 1329 2333 1350 2362; x_wconf 88' lang='grc' dir='ltr'>λ</span> <span class='ocrx_word' id='word_1_456' title='bbox 1361 2332 1371 2362; x_wconf 86' lang='grc' dir='ltr'>ι’</span> <span class='ocrx_word' id='word_1_457' title='bbox 1383 2344 1404 2362; x_wconf 86' lang='grc' dir='ltr'>α</span> <span class='ocrx_word' id='word_1_458' title='bbox 1415 2343 1444 2369; x_wconf 85' lang='grc' dir='ltr'>ς.</span> <span class='ocrx_word' id='word_1_459' title='bbox 1479 2330 1562 2362; x_wconf 84' lang='grc' dir='ltr'>Κατ’</span> <span class='ocrx_word' id='word_1_460' title='bbox 1577 2329 1696 2362; x_wconf 79' lang='grc' dir='ltr'>Ἀνδο-</span> 
     </span>
     <span class='ocr_line' id='line_1_40' title="bbox 231 2384 1694 2431; baseline -0.003 -11"><span class='ocrx_word' id='word_1_461' title='bbox 231 2387 321 2420; x_wconf 83' lang='grc' dir='ltr'>κίόου</span> <span class='ocrx_word' id='word_1_462' title='bbox 342 2388 363 2419; x_wconf 86' lang='grc' dir='ltr'>ά</span> <span class='ocrx_word' id='word_1_463' title='bbox 376 2399 395 2419; x_wconf 90' lang='grc' dir='ltr'>σ</span> <span class='ocrx_word' id='word_1_464' title='bbox 407 2401 418 2419; x_wconf 85' lang='grc' dir='ltr'><em>ε</em></span> <span class='ocrx_word' id='word_1_465' title='bbox 431 2388 454 2428; x_wconf 83' lang='grc' dir='ltr'>β</span> <span class='ocrx_word' id='word_1_466' title='bbox 466 2401 477 2419; x_wconf 84' lang='grc' dir='ltr'><em>ε</em></span> <span class='ocrx_word' id='word_1_467' title='bbox 491 2389 500 2419; x_wconf 88' lang='grc' dir='ltr'>ί</span> <span class='ocrx_word' id='word_1_468' title='bbox 512 2401 531 2420; x_wconf 86' lang='grc' dir='ltr'>α</span> <span class='ocrx_word' id='word_1_469' title='bbox 544 2401 572 2426; x_wconf 83' lang='grc' dir='ltr'>ς.</span> <span class='ocrx_word' id='word_1_470' title='bbox 626 2390 715 2431; x_wconf 77' lang='grc' dir='ltr'>Πρὸς</span> <span class='ocrx_word' id='word_1_471' title='bbox 741 2389 819 2425; x_wconf 79' lang='grc' dir='ltr'>τοὺς</span> <span class='ocrx_word' id='word_1_472' title='bbox 854 2389 1101 2425; x_wconf 79' lang='grc' dir='ltr'>συνουσιαστὰς</span> <span class='ocrx_word' id='word_1_473' title='bbox 1135 2400 1153 2418; x_wconf 87' lang='grc' dir='ltr'><em>κ</em></span> <span class='ocrx_word' id='word_1_474' title='bbox 1164 2400 1183 2418; x_wconf 84' lang='grc' dir='ltr'>α</span> <span class='ocrx_word' id='word_1_475' title='bbox 1196 2400 1213 2418; x_wconf 79' lang='grc' dir='ltr'>κ</span> <span class='ocrx_word' id='word_1_476' title='bbox 1223 2399 1239 2417; x_wconf 95' lang='grc' dir='ltr'>ο</span> <span class='ocrx_word' id='word_1_477' title='bbox 1251 2388 1271 2417; x_wconf 88' lang='grc' dir='ltr'>λ</span> <span class='ocrx_word' id='word_1_478' title='bbox 1283 2399 1299 2417; x_wconf 91' lang='grc' dir='ltr'>ο</span> <span class='ocrx_word' id='word_1_479' title='bbox 1312 2400 1331 2428; x_wconf 79' lang='grc' dir='ltr'><em>γ</em></span> <span class='ocrx_word' id='word_1_480' title='bbox 1342 2389 1385 2416; x_wconf 83' lang='grc' dir='ltr'>ιῶ</span> <span class='ocrx_word' id='word_1_481' title='bbox 1397 2399 1428 2418; x_wconf 89' lang='grc' dir='ltr'>ν.</span> <span class='ocrx_word' id='word_1_482' title='bbox 1474 2384 1557 2416; x_wconf 83' lang='grc' dir='ltr'>Κατ’</span> <span class='ocrx_word' id='word_1_483' title='bbox 1582 2384 1694 2416; x_wconf 72' lang='grc' dir='ltr'>Ἀλκι-</span> 
     </span>
     <span class='ocr_line' id='line_1_41' title="bbox 231 2439 1693 2485; baseline -0.003 -11"><span class='ocrx_word' id='word_1_484' title='bbox 231 2442 364 2484; x_wconf 81' lang='grc' dir='ltr'>βιάὸου,</span> <span class='ocrx_word' id='word_1_485' title='bbox 384 2443 703 2481; x_wconf 66' lang='grc' dir='ltr'>λειποταξίου,</span> <span class='ocrx_word' id='word_1_486' title='bbox 737 2443 1032 2485; x_wconf 81' lang='grc' dir='ltr'>ἀστρατείας.</span> <span class='ocrx_word' id='word_1_487' title='bbox 1082 2442 1180 2474; x_wconf 81' lang='grc' dir='ltr'>Κατὰ</span> <span class='ocrx_word' id='word_1_488' title='bbox 1217 2442 1377 2479; x_wconf 82' lang='grc' dir='ltr'>Φίλωνος,</span> <span class='ocrx_word' id='word_1_489' title='bbox 1410 2439 1693 2481; x_wconf 79' lang='grc' dir='ltr'>δοκιμασίας.</span> 
     </span>
     <span class='ocr_line' id='line_1_42' title="bbox 235 2495 1695 2540; baseline -0.005 -10"><span class='ocrx_word' id='word_1_490' title='bbox 235 2499 326 2540; x_wconf 80' lang='grc' dir='ltr'>Πρὸς</span> <span class='ocrx_word' id='word_1_491' title='bbox 356 2497 535 2539; x_wconf 87' lang='grc' dir='ltr'>Αἰσχίνην,</span> <span class='ocrx_word' id='word_1_492' title='bbox 573 2511 595 2539; x_wconf 93' lang='grc' dir='ltr'>χ</span> <span class='ocrx_word' id='word_1_493' title='bbox 607 2510 623 2540; x_wconf 85' lang='grc' dir='ltr'>ρ</span> <span class='ocrx_word' id='word_1_494' title='bbox 635 2510 647 2529; x_wconf 83' lang='grc' dir='ltr'><em>ε</em></span> <span class='ocrx_word' id='word_1_495' title='bbox 660 2510 676 2529; x_wconf 90' lang='grc' dir='ltr'>ο</span> <span class='ocrx_word' id='word_1_496' title='bbox 687 2499 706 2528; x_wconf 86' lang='grc' dir='ltr'>ῦ</span> <span class='ocrx_word' id='word_1_497' title='bbox 718 2510 746 2535; x_wconf 89' lang='grc' dir='ltr'>ς.</span> <span class='ocrx_word' id='word_1_498' title='bbox 796 2498 891 2540; x_wconf 71' lang='grc' dir='ltr'>Ὑπὲρ</span> <span class='ocrx_word' id='word_1_499' title='bbox 921 2499 1046 2536; x_wconf 73' lang='grc' dir='ltr'>Δεξιοῦ,</span> <span class='ocrx_word' id='word_1_500' title='bbox 1077 2497 1100 2528; x_wconf 78' lang='grc' dir='ltr'>α’</span> <span class='ocrx_word' id='word_1_501' title='bbox 1114 2509 1139 2528; x_wconf 92' lang='grc' dir='ltr'>π</span> <span class='ocrx_word' id='word_1_502' title='bbox 1151 2510 1167 2528; x_wconf 94' lang='grc' dir='ltr'>ο</span> <span class='ocrx_word' id='word_1_503' title='bbox 1178 2508 1197 2527; x_wconf 92' lang='grc' dir='ltr'>σ</span> <span class='ocrx_word' id='word_1_504' title='bbox 1209 2508 1228 2527; x_wconf 88' lang='grc' dir='ltr'>τ</span> <span class='ocrx_word' id='word_1_505' title='bbox 1238 2509 1259 2527; x_wconf 82' lang='grc' dir='ltr'>α</span> <span class='ocrx_word' id='word_1_506' title='bbox 1271 2507 1290 2526; x_wconf 91' lang='grc' dir='ltr'>σ</span> <span class='ocrx_word' id='word_1_507' title='bbox 1301 2496 1336 2527; x_wconf 85' lang='grc' dir='ltr'>ἰο</span> <span class='ocrx_word' id='word_1_508' title='bbox 1346 2508 1375 2527; x_wconf 87' lang='grc' dir='ltr'>υ.</span> <span class='ocrx_word' id='word_1_509' title='bbox 1425 2495 1521 2526; x_wconf 80' lang='grc' dir='ltr'>Κατὰ</span> <span class='ocrx_word' id='word_1_510' title='bbox 1550 2498 1695 2535; x_wconf 81' lang='grc' dir='ltr'>Στρατο-</span> 
     </span>
     <span class='ocr_line' id='line_1_43' title="bbox 233 2547 1693 2595; baseline -0.004 -11"><span class='ocrx_word' id='word_1_511' title='bbox 233 2553 360 2591; x_wconf 78' lang='grc' dir='ltr'>κλέους,</span> <span class='ocrx_word' id='word_1_512' title='bbox 378 2554 420 2588; x_wconf 60' lang='lat' dir='ltr'>{Z</span> <span class='ocrx_word' id='word_1_513' title='bbox 431 2565 447 2584; x_wconf 90' lang='grc' dir='ltr'>ο</span> <span class='ocrx_word' id='word_1_514' title='bbox 460 2552 477 2584; x_wconf 81' lang='grc' dir='ltr'>ύ</span> <span class='ocrx_word' id='word_1_515' title='bbox 491 2554 512 2583; x_wconf 91' lang='grc' dir='ltr'>λ</span> <span class='ocrx_word' id='word_1_516' title='bbox 524 2566 543 2592; x_wconf 90' lang='grc' dir='ltr'>η</span> <span class='ocrx_word' id='word_1_517' title='bbox 556 2565 584 2589; x_wconf 84' lang='grc' dir='ltr'>ς.</span> <span class='ocrx_word' id='word_1_518' title='bbox 637 2554 733 2584; x_wconf 79' lang='grc' dir='ltr'>Κατὰ</span> <span class='ocrx_word' id='word_1_519' title='bbox 753 2553 966 2595; x_wconf 80' lang='grc' dir='ltr'>Θεοπόμπου,</span> <span class='ocrx_word' id='word_1_520' title='bbox 985 2552 1106 2583; x_wconf 82' lang='grc' dir='ltr'>αἰκία</span> <span class='ocrx_word' id='word_1_521' title='bbox 1117 2565 1144 2590; x_wconf 86' lang='grc' dir='ltr'>ς.</span> <span class='ocrx_word' id='word_1_522' title='bbox 1194 2550 1277 2583; x_wconf 76' lang='grc' dir='ltr'>Κατ’</span> <span class='ocrx_word' id='word_1_523' title='bbox 1303 2547 1510 2591; x_wconf 79' lang='grc' dir='ltr'>Λύτάνόρου,</span> <span class='ocrx_word' id='word_1_524' title='bbox 1527 2549 1544 2583; x_wconf 76' lang='grc' dir='ltr'>ξ</span> <span class='ocrx_word' id='word_1_525' title='bbox 1556 2560 1568 2579; x_wconf 78' lang='grc' dir='ltr'><em>ε</em></span> <span class='ocrx_word' id='word_1_526' title='bbox 1581 2560 1600 2579; x_wconf 87' lang='grc' dir='ltr'>ν</span> <span class='ocrx_word' id='word_1_527' title='bbox 1612 2548 1620 2579; x_wconf 87' lang='grc' dir='ltr'>ι’</span> <span class='ocrx_word' id='word_1_528' title='bbox 1633 2560 1653 2578; x_wconf 84' lang='grc' dir='ltr'>(ι</span> <span class='ocrx_word' id='word_1_529' title='bbox 1665 2559 1693 2585; x_wconf 86' lang='grc' dir='ltr'>ς.</span> 
     </span>
     <span class='ocr_line' id='line_1_44' title="bbox 231 2605 1415 2650; baseline -0.003 -11"><span class='ocrx_word' id='word_1_530' title='bbox 231 2609 328 2650; x_wconf 64' lang='grc' dir='ltr'>*Υπὲρ</span> <span class='ocrx_word' id='word_1_531' title='bbox 339 2607 562 2649; x_wconf 75' lang='grc' dir='ltr'>Ἀχιλλείόου,</span> <span class='ocrx_word' id='word_1_532' title='bbox 587 2613 607 2649; x_wconf 86' lang='grc' dir='ltr'>φ</span> <span class='ocrx_word' id='word_1_533' title='bbox 619 2608 636 2638; x_wconf 83' lang='grc' dir='ltr'><em>ὁ</em></span> <span class='ocrx_word' id='word_1_534' title='bbox 648 2620 668 2639; x_wconf 92' lang='grc' dir='ltr'>ν</span> <span class='ocrx_word' id='word_1_535' title='bbox 678 2620 694 2639; x_wconf 91' lang='grc' dir='ltr'>ο</span> <span class='ocrx_word' id='word_1_536' title='bbox 705 2620 735 2639; x_wconf 89' lang='grc' dir='ltr'>υ.</span> <span class='ocrx_word' id='word_1_537' title='bbox 771 2610 869 2639; x_wconf 71' lang='grc' dir='ltr'>Κατὰ</span> <span class='ocrx_word' id='word_1_538' title='bbox 887 2608 1050 2647; x_wconf 83' lang='grc' dir='ltr'>Καλλίου,</span> <span class='ocrx_word' id='word_1_539' title='bbox 1067 2608 1084 2638; x_wconf 75' lang='grc' dir='ltr'>ὓ</span> <span class='ocrx_word' id='word_1_540' title='bbox 1095 2607 1120 2648; x_wconf 85' lang='grc' dir='ltr'><em>β</em></span> <span class='ocrx_word' id='word_1_541' title='bbox 1131 2619 1148 2650; x_wconf 79' lang='grc' dir='ltr'>ρ</span> <span class='ocrx_word' id='word_1_542' title='bbox 1161 2619 1173 2637; x_wconf 82' lang='grc' dir='ltr'><em>ε</em></span> <span class='ocrx_word' id='word_1_543' title='bbox 1185 2619 1208 2637; x_wconf 84' lang='grc' dir='ltr'><em>ω</em></span> <span class='ocrx_word' id='word_1_544' title='bbox 1219 2618 1246 2643; x_wconf 82' lang='grc' dir='ltr'>ς.</span> <span class='ocrx_word' id='word_1_545' title='bbox 1263 2606 1331 2636; x_wconf 81' lang='lat' dir='ltr'>etc.</span> <span class='ocrx_word' id='word_1_546' title='bbox 1346 2605 1415 2635; x_wconf 81' lang='lat' dir='ltr'>eto.</span> 
     </span>
    </p>

    <p class='ocr_par' dir='ltr' id='par_1_4' title="bbox 232 2655 1694 3031">
     <span class='ocr_line' id='line_1_45' title="bbox 281 2655 1694 2704; baseline -0.006 -10"><span class='ocrx_word' id='word_1_547' title='bbox 281 2662 422 2694; x_wconf 84' lang='lat' dir='ltr'>Eodem</span> <span class='ocrx_word' id='word_1_548' title='bbox 440 2664 544 2704; x_wconf 79' lang='lat' dir='ltr'>pacto</span> <span class='ocrx_word' id='word_1_549' title='bbox 562 2660 744 2694; x_wconf 76' lang='lat' dir='ltr'>AEsohinis</span> <span class='ocrx_word' id='word_1_550' title='bbox 763 2660 891 2693; x_wconf 79' lang='lat' dir='ltr'>Oratio</span> <span class='ocrx_word' id='word_1_551' title='bbox 907 2661 1108 2703; x_wconf 83' lang='grc' dir='ltr'>Ἀπολογία,</span> <span class='ocrx_word' id='word_1_552' title='bbox 1124 2660 1178 2691; x_wconf 72' lang='lat' dir='ltr'>vel</span> <span class='ocrx_word' id='word_1_553' title='bbox 1205 2661 1267 2697; x_wconf 86' lang='grc' dir='ltr'>τῆς</span> <span class='ocrx_word' id='word_1_554' title='bbox 1285 2656 1564 2701; x_wconf 76' lang='grc' dir='ltr'>Παραπρεσβείας</span> <span class='ocrx_word' id='word_1_555' title='bbox 1588 2655 1624 2688; x_wconf 80' lang='grc' dir='ltr'><strong>Ἀ</strong></span> <span class='ocrx_word' id='word_1_556' title='bbox 1633 2667 1694 2686; x_wconf 87' lang='grc' dir='ltr'>πο-</span> 
     </span>
     <span class='ocr_line' id='line_1_46' title="bbox 232 2711 1694 2758; baseline -0.005 -11"><span class='ocrx_word' id='word_1_557' title='bbox 232 2718 331 2758; x_wconf 75' lang='grc' dir='ltr'>λογία</span> <span class='ocrx_word' id='word_1_558' title='bbox 348 2715 521 2748; x_wconf 87' lang='lat' dir='ltr'>nominari</span> <span class='ocrx_word' id='word_1_559' title='bbox 539 2717 575 2747; x_wconf 84' lang='lat' dir='ltr'>et</span> <span class='ocrx_word' id='word_1_560' title='bbox 589 2713 689 2747; x_wconf 86' lang='lat' dir='ltr'>citari</span> <span class='ocrx_word' id='word_1_561' title='bbox 707 2714 828 2755; x_wconf 83' lang='lat' dir='ltr'>debet,</span> <span class='ocrx_word' id='word_1_562' title='bbox 843 2725 948 2757; x_wconf 89' lang='lat' dir='ltr'>quem</span> <span class='ocrx_word' id='word_1_563' title='bbox 966 2717 1089 2747; x_wconf 87' lang='lat' dir='ltr'>tamen</span> <span class='ocrx_word' id='word_1_564' title='bbox 1107 2716 1265 2746; x_wconf 85' lang='lat' dir='ltr'>tenorem</span> <span class='ocrx_word' id='word_1_565' title='bbox 1284 2711 1419 2744; x_wconf 85' lang='lat' dir='ltr'>citandi</span> <span class='ocrx_word' id='word_1_566' title='bbox 1436 2720 1507 2743; x_wconf 90' lang='lat' dir='ltr'>non</span> <span class='ocrx_word' id='word_1_567' title='bbox 1526 2713 1694 2742; x_wconf 80' lang='lat' dir='ltr'>accurate</span> 
     </span>
     <span class='ocr_line' id='line_1_47' title="bbox 233 2764 1694 2813; baseline -0.005 -12"><span class='ocrx_word' id='word_1_568' title='bbox 233 2773 378 2803; x_wconf 82' lang='lat' dir='ltr'>servant</span> <span class='ocrx_word' id='word_1_569' title='bbox 402 2773 464 2802; x_wconf 81' lang='lat' dir='ltr'>aut</span> <span class='ocrx_word' id='word_1_570' title='bbox 490 2769 655 2813; x_wconf 87' lang='lat' dir='ltr'>Antiqui,</span> <span class='ocrx_word' id='word_1_571' title='bbox 681 2771 744 2802; x_wconf 85' lang='lat' dir='ltr'>aut</span> <span class='ocrx_word' id='word_1_572' title='bbox 769 2768 965 2802; x_wconf 84' lang='lat' dir='ltr'>Neoterici.</span> <span class='ocrx_word' id='word_1_573' title='bbox 1018 2767 1257 2811; x_wconf 83' lang='lat' dir='ltr'>Harpocratio</span> <span class='ocrx_word' id='word_1_574' title='bbox 1280 2765 1426 2810; x_wconf 87' lang='lat' dir='ltr'>quidem</span> <span class='ocrx_word' id='word_1_575' title='bbox 1453 2765 1488 2797; x_wconf 90' lang='lat' dir='ltr'>in</span> <span class='ocrx_word' id='word_1_576' title='bbox 1516 2774 1549 2796; x_wconf 78' lang='lat' dir='ltr'>v.</span> <span class='ocrx_word' id='word_1_577' title='bbox 1566 2764 1694 2806; x_wconf 80' lang='grc' dir='ltr'>Ἀργᾶς</span> 
     </span>
     <span class='ocr_line' id='line_1_48' title="bbox 234 2818 1694 2868; baseline -0.005 -11"><span class='ocrx_word' id='word_1_578' title='bbox 234 2835 314 2858; x_wconf 88' lang='lat' dir='ltr'>eam</span> <span class='ocrx_word' id='word_1_579' title='bbox 341 2827 448 2857; x_wconf 85' lang='lat' dir='ltr'>vocat</span> <span class='ocrx_word' id='word_1_580' title='bbox 473 2838 499 2857; x_wconf 88' lang='grc' dir='ltr'>π</span> <span class='ocrx_word' id='word_1_581' title='bbox 511 2838 523 2856; x_wconf 86' lang='grc' dir='ltr'><em>ε</em></span> <span class='ocrx_word' id='word_1_582' title='bbox 535 2827 576 2868; x_wconf 81' lang='grc' dir='ltr'><strong>ρί</strong></span> <span class='ocrx_word' id='word_1_583' title='bbox 598 2838 617 2857; x_wconf 87' lang='grc' dir='ltr'>τ</span> <span class='ocrx_word' id='word_1_584' title='bbox 628 2828 648 2864; x_wconf 85' lang='grc' dir='ltr'><em>ῆ</em></span> <span class='ocrx_word' id='word_1_585' title='bbox 661 2838 678 2863; x_wconf 86' lang='grc' dir='ltr'>ς</span> <span class='ocrx_word' id='word_1_586' title='bbox 705 2823 727 2857; x_wconf 81' lang='grc' dir='ltr'>α’</span> <span class='ocrx_word' id='word_1_587' title='bbox 741 2837 766 2857; x_wconf 89' lang='grc' dir='ltr'>π</span> <span class='ocrx_word' id='word_1_588' title='bbox 778 2838 794 2856; x_wconf 94' lang='grc' dir='ltr'>ο</span> <span class='ocrx_word' id='word_1_589' title='bbox 807 2825 825 2856; x_wconf 84' lang='grc' dir='ltr'><em>ὂ</em></span> <span class='ocrx_word' id='word_1_590' title='bbox 836 2826 852 2856; x_wconf 88' lang='grc' dir='ltr'><strong>ό</strong></span> <span class='ocrx_word' id='word_1_591' title='bbox 864 2837 904 2856; x_wconf 84' lang='grc' dir='ltr'>σε</span> <span class='ocrx_word' id='word_1_592' title='bbox 917 2838 940 2856; x_wconf 89' lang='grc' dir='ltr'><em>ω</em></span> <span class='ocrx_word' id='word_1_593' title='bbox 954 2834 989 2862; x_wconf 75' lang='grc' dir='ltr'>ςε</span> <span class='ocrx_word' id='word_1_594' title='bbox 1017 2824 1200 2867; x_wconf 88' lang='lat' dir='ltr'>quoniam,</span> <span class='ocrx_word' id='word_1_595' title='bbox 1218 2825 1259 2855; x_wconf 92' lang='lat' dir='ltr'>ut</span> <span class='ocrx_word' id='word_1_596' title='bbox 1277 2821 1327 2854; x_wconf 83' lang='lat' dir='ltr'>ait</span> <span class='ocrx_word' id='word_1_597' title='bbox 1346 2821 1575 2859; x_wconf 77' lang='lat' dir='ltr'>Maussacus,</span> <span class='ocrx_word' id='word_1_598' title='bbox 1595 2818 1632 2851; x_wconf 88' lang='lat' dir='ltr'>in</span> <span class='ocrx_word' id='word_1_599' title='bbox 1651 2829 1694 2851; x_wconf 80' lang='lat' dir='ltr'>ea</span> 
     </span>
     <span class='ocr_line' id='line_1_49' title="bbox 232 2872 1693 2921; baseline -0.005 -9"><span class='ocrx_word' id='word_1_600' title='bbox 232 2878 397 2912; x_wconf 77' lang='lat' dir='ltr'>rationem</span> <span class='ocrx_word' id='word_1_601' title='bbox 412 2879 532 2912; x_wconf 79' lang='lat' dir='ltr'>reddat</span> <span class='ocrx_word' id='word_1_602' title='bbox 544 2879 738 2912; x_wconf 86' lang='lat' dir='ltr'>AEschines</span> <span class='ocrx_word' id='word_1_603' title='bbox 750 2877 930 2912; x_wconf 87' lang='lat' dir='ltr'>defunctae</span> <span class='ocrx_word' id='word_1_604' title='bbox 947 2881 984 2910; x_wconf 87' lang='lat' dir='ltr'>et</span> <span class='ocrx_word' id='word_1_605' title='bbox 1001 2880 1156 2921; x_wconf 74' lang='lat' dir='ltr'>peractae</span> <span class='ocrx_word' id='word_1_606' title='bbox 1172 2875 1392 2918; x_wconf 84' lang='lat' dir='ltr'>Legationis.</span> <span class='ocrx_word' id='word_1_607' title='bbox 1435 2873 1556 2916; x_wconf 84' lang='lat' dir='ltr'>Vulgo</span> <span class='ocrx_word' id='word_1_608' title='bbox 1571 2872 1693 2914; x_wconf 83' lang='lat' dir='ltr'>etiam,</span> 
     </span>
     <span class='ocr_line' id='line_1_50' title="bbox 234 2927 1692 2977; baseline -0.002 -13"><span class='ocrx_word' id='word_1_609' title='bbox 234 2932 335 2965; x_wconf 84' lang='lat' dir='ltr'>addit</span> <span class='ocrx_word' id='word_1_610' title='bbox 350 2932 445 2965; x_wconf 85' lang='lat' dir='ltr'>idem</span> <span class='ocrx_word' id='word_1_611' title='bbox 459 2933 524 2965; x_wconf 87' lang='lat' dir='ltr'>Vir</span> <span class='ocrx_word' id='word_1_612' title='bbox 536 2933 705 2974; x_wconf 77' lang='lat' dir='ltr'>eximius,</span> <span class='ocrx_word' id='word_1_613' title='bbox 717 2935 790 2977; x_wconf 78' lang='grc' dir='ltr'>περὶ</span> <span class='ocrx_word' id='word_1_614' title='bbox 807 2933 1082 2976; x_wconf 78' lang='grc' dir='ltr'>παραπρεσβείας</span> <span class='ocrx_word' id='word_1_615' title='bbox 1095 2930 1310 2971; x_wconf 88' lang='lat' dir='ltr'>inscribitur,</span> <span class='ocrx_word' id='word_1_616' title='bbox 1329 2929 1391 2962; x_wconf 87' lang='lat' dir='ltr'>sed</span> <span class='ocrx_word' id='word_1_617' title='bbox 1409 2929 1528 2962; x_wconf 85' lang='lat' dir='ltr'>minus</span> <span class='ocrx_word' id='word_1_618' title='bbox 1543 2927 1692 2971; x_wconf 87' lang='lat' dir='ltr'>proprie.</span> 
     </span>
     <span class='ocr_line' id='line_1_51' title="bbox 236 2980 1692 3031; baseline -0.004 -11"><span class='ocrx_word' id='word_1_619' title='bbox 236 2986 294 3020; x_wconf 80' lang='lat' dir='ltr'>Ita</span> <span class='ocrx_word' id='word_1_620' title='bbox 309 2987 470 3030; x_wconf 67' lang='lat' dir='ltr'>quidem,</span> <span class='ocrx_word' id='word_1_621' title='bbox 488 2988 550 3021; x_wconf 76' lang='lat' dir='ltr'>scd</span> <span class='ocrx_word' id='word_1_622' title='bbox 578 2987 606 3020; x_wconf 77' lang='lat' dir='ltr'>si</span> <span class='ocrx_word' id='word_1_623' title='bbox 625 2988 910 3031; x_wconf 64' lang='grc' dir='ltr'>παραπρεσβείας,</span> <span class='ocrx_word' id='word_1_624' title='bbox 929 2996 999 3019; x_wconf 89' lang='lat' dir='ltr'>non</span> <span class='ocrx_word' id='word_1_625' title='bbox 1015 2985 1152 3029; x_wconf 83' lang='lat' dir='ltr'>utique.</span> <span class='ocrx_word' id='word_1_626' title='bbox 1196 2984 1250 3018; x_wconf 84' lang='lat' dir='ltr'>Cl.</span> <span class='ocrx_word' id='word_1_627' title='bbox 1269 2984 1406 3018; x_wconf 87' lang='lat' dir='ltr'>interea</span> <span class='ocrx_word' id='word_1_628' title='bbox 1419 2982 1497 3026; x_wconf 87' lang='lat' dir='ltr'>Vir,</span> <span class='ocrx_word' id='word_1_629' title='bbox 1517 2981 1566 3016; x_wconf 91' lang='lat' dir='ltr'>H.</span> <span class='ocrx_word' id='word_1_630' title='bbox 1583 2980 1692 3015; x_wconf 84' lang='lat' dir='ltr'>Vale-</span> 
     </span>
    </p>
   </div>
  </div>
 </body>
</html>
