1928 3284
217 192 291 242 34

224 307 328 336 derate
339 303 480 335 interseri
493 315 532 334 ex
545 303 676 334 diversis
688 303 927 343 exemplaribus,

227 354 317 388 atque
339 348 430 378 semel
454 352 585 386 coeptum
605 357 674 376 esse
685 348 777 384 juxta
789 347 867 374 hunc
881 345 927 373 lo·

226 402 295 420 cum
309 390 478 430 perturbari
496 400 504 426 3
530 399 617 418 nemo
637 393 746 417 caetera
760 387 856 416 mihi
848 387 928 415 mvi-

226 434 324 469 debit,
349 443 393 463 sc.
415 431 592 480 permisceri
613 429 761 469 potuisse,
785 434 873 467 atque
890 439 928 458 ex

227 486 281 505 suo
296 475 402 505 ordine
425 485 494 504 mot
497 474 553 508 eri,
577 474 702 502 Comma
725 481 814 501 unum
841 475 930 508 atque

229 518 368 554 alterum,
383 517 491 556 quibus
514 518 580 545 Nos
601 513 820 554 postliminium
843 513 930 542 dedi-

228 570 308 596 mus,
324 565 354 589 et
370 561 407 589 de
424 560 533 598 quibus
551 568 622 587 mox
639 558 726 596 plura
741 555 889 585 dicemus.

266 602 336 632 Scio
352 603 503 641 equidem,
512 600 720 630 auctoritatem
728 597 932 636 Hermogenis

230 654 303 684 pag
322 646 394 675 ⁶2⁷9.
424 648 527 673 contra
550 653 598 671 me
614 642 724 674 facere,
741 641 792 679 qui
812 640 934 669 iteratas

231 687 302 716 illas
315 686 572 724 Interrogationes
592 685 646 724 (de
672 683 796 732 quibus
806 682 935 721 egimus,

231 740 263 768 p.
276 732 327 760 31.
330 728 468 769 )Πὸτερον
483 728 567 757 αὐτὴν
582 725 663 766 ὲχξῆν
674 735 727 760 -—;
743 729 774 754 et
788 722 880 754 Αλλά
895 725 936 753 νῦν

233 771 322 809 ἔγωγε
338 770 442 804 mdiv:
430 781 461 799 αν
476 768 592 809 ἐροίμην,
603 779 654 801 της
665 766 745 800 ποίας
758 767 864 806 μερίδος
874 784 917 789 --

235 814 408 852 exemplum
432 812 520 841 affert
532 811 621 840 istius
639 810 769 848 Figurae,
785 820 851 848 quae
860 809 937 839 ‘Em-

234 857 302 896 μονη
318 856 433 885 dicitur
455 865 472 883 a
492 852 667 887 Technicis,
693 856 725 881 et
748 852 875 881 solerter
900 853 936 880 ab

235 898 415 927 Oratoribus
439 896 568 934 antiquis
590 894 752 945 aliquando
768 894 938 923 adhibetur.

236 941 285 970 Ita
297 940 372 970 Ille:
382 938 479 969 Ταύτῃ
495 938 531 979 τῇ
543 937 621 976 ἐννοίᾳ
642 936 749 966 πλέον
770 936 784 967 ἢ
807 936 939 976 ‘rm-goi.-

237 992 255 1010 κ
265 993 273 1011 ι
285 994 297 1016 ς
311 981 337 1012 ἓν
353 982 394 1020 τῷ
409 981 487 1016 aia-4?
500 981 580 1010 τόπω
594 978 832 1020 κέχρηται-Διδι
843 981 896 1016 γὰρ
907 977 940 1007 τὸ

238 1023 336 1062 ἔνδοξον
355 1026 404 1056 τῆς
419 1023 511 1055 ἐννοίας
528 1021 663 1061 ἐπιμένει,
677 1021 724 1050 καὶ
738 1019 847 1054 δεινως’
837 1019 940 1049 επίκει-

235 1077 286 1095 ‘K'db
298 1077 339 1095 ‘rw
353 1064 454 1116 ἐχθρῷ,
460 1066 524 1100 Ταῖς
539 1074 727 1104 συνξχξσῚν
747 1063 941 1102 Ξξωτησξσί

238 1107 322 1137 οὐδὲ’
308 1109 431 1138 avam-verr
446 1106 501 1136 ἐῶν.
546 1108 615 1136 Non
633 1116 710 1144 nego
721 1105 851 1135 feliciter
867 1104 940 1134 elim

238 1150 375 1180 vibrasse
390 1160 425 1179 ea
438 1149 563 1178 fulmina
579 1148 827 1183 Demosthenem,
841 1152 872 1176 et
887 1157 942 1176 sae-

240 1192 367 1230 pissime
389 1191 530 1231 pertundi
554 1195 585 1220 et
600 1189 888 1229 καταῤῥητορεύεσὲαι
905 1189 942 1218 iis

239 1234 355 1264 artibus
385 1233 603 1265 adversarium,
632 1242 719 1269 quem
746 1235 852 1260 nactus
885 1235 941 1260 est.

241 1275 330 1305 Anid
346 1277 403 1306 hoc
425 1276 493 1305 loco
521 1279 666 1313 praestare
690 1273 831 1307 voluerit,
855 1272 944 1301 velie-

242 1322 360 1348 menter
386 1318 503 1347 dubito.
548 1316 673 1348 judicet
702 1325 807 1354 aequns
837 1315 945 1345 lector.

243 1361 312 1399 Ego
321 1361 436 1390 interea
448 1369 571 1389 acumen
581 1358 783 1396 Hermogenis
791 1357 945 1391 desidero,

243 1403 297 1442 qui
311 1403 378 1441 plus
391 1413 477 1442 quam
497 1401 604 1431 vicibus
619 1401 765 1441 quaternis
779 1399 829 1429 hic
844 1399 886 1429 ait
901 1399 946 1428 in-

245 1444 391 1483 geminari
408 1443 649 1474 aDemosthene.

243 1487 354 1518 minem
369 1486 537 1526 impulerit,
559 1490 591 1516 ut
613 1486 655 1514 ita
681 1485 838 1514 scriberet.
885 1484 947 1513 Sed

243 1530 274 1559 in
291 1540 328 1559 eo
344 1529 565 1568 decipiebatur.
611 1527 652 1558 Et
666 1527 739 1557 nihil
763 1526 892 1566 amplius
908 1537 948 1556 ex

244 1572 335 1602 istius
349 1572 531 1602 auctoritate
547 1571 686 1604 efficitur,
711 1579 798 1609 quam
823 1573 856 1598 ut
877 1579 949 1598 con-

245 1619 351 1650 staret,
367 1615 552 1644 inveterasse
563 1615 625 1653 jam
639 1613 708 1642 inde
728 1613 765 1641 ab
776 1611 948 1650 Hermoge-

244 1657 293 1687 nis
305 1661 394 1688 aetate
406 1657 482 1686 duos
498 1657 575 1685 istos
590 1655 807 1695 paragraphOS,
824 1665 950 1693 quorum

247 1700 376 1729 alterum
398 1699 610 1731 eliminandum
633 1696 844 1737 pronunciavi.
888 1696 950 1726 Ne-

247 1752 308 1780 que
331 1752 390 1781 ego
404 1741 503 1771 mendi
523 1740 751 1770 diuturnitatem
774 1739 862 1769 valde
889 1739 952 1768 dis-

246 1788 335 1823 puto.
387 1784 501 1813 Verum
525 1783 562 1812 de
586 1788 649 1812 tota
671 1782 726 1812 bae
754 1791 843 1811 causa
866 1781 953 1820 plura

247 1826 430 1856 contendam
454 1826 490 1855 ad
513 1825 535 1865 ᾗ
562 1823 594 1854 θ’.
618 1825 670 1854 ubi
695 1824 738 1865 (si
759 1825 892 1854 nondum
908 1825 953 1853 vi·

249 1869 330 1898 cisse
346 1867 489 1908 videbor)
501 1877 591 1897 causa
606 1868 719 1897 vicero.
755 1867 795 1896 Et
807 1866 953 1896 lectorem

248 1921 347 1941 meum
372 1919 556 1949 magnopere
572 1919 626 1938 oro
641 1914 671 1938 et
687 1910 836 1944 obtestor,
851 1913 885 1938 ut
901 1909 953 1938 ad-

245 1956 389 1992 jungeret
410 1952 480 1981 huio
511 1951 712 1990 disputationi
740 1961 786 1986 ea,
814 1961 882 1991 quae
911 1951 954 1981 ibi

249 1996 388 2026 dicturus
404 2005 465 2024 ero.
488 1994 646 2024 huon.

293 2039 449 2076 Ingentem
462 2036 543 2065 illam
555 2046 611 2072 ego
622 2036 792 2073 corrigendi
803 2036 955 2065 licentiam

251 2090 311 2109 non
339 2089 405 2109 sum
427 2088 519 2109 ausus
541 2077 675 2111 imitari;
699 2087 797 2115 neque
826 2078 954 2106 fortasse

249 2123 356 2160 <unam
383 2120 410 2150 si
433 2121 523 2150 modo
546 2118 711 2149 clausulam
736 2118 869 2153 recidas,
896 2121 957 2148 Τῶν

252 2163 350 2204 μέντοι
364 2162 589 2202 Μτηγοςιῶνῂ)
606 2171 701 2199 usque
722 2161 798 2190 adeo
814 2170 956 2191 necessa-

252 2207 300 2235 ria
315 2205 480 2235 videbitur.

297 2247 510 2278 Accusationis
522 2247 622 2284 hujus,
638 2246 736 2284 inquit
751 2247 873 2280 Orator,
886 2255 957 2284 pro-

254 2291 388 2330 positum
404 2290 503 2328 ipsum
519 2293 548 2318 et
560 2289 657 2327 prima
672 2288 757 2327 qnasi
772 2288 864 2318 facies
878 2287 957 2317 indi-

256 2333 305 2362 cia
329 2343 390 2373 prae
417 2342 450 2362 se
475 2332 534 2361 fert
556 2331 676 2361 hostilis
694 2331 815 2360 malitiae
832 2336 862 2360 et
877 2330 956 2360 ludi-

254 2375 326 2405 brii.
371 2375 491 2405 Etenim
507 2384 575 2403 cum
591 2373 699 2402 nemini
722 2374 897 2412 deneganda
920 2372 959 2401 sit

258 2419 296 2447 ad
319 2418 465 2457 populum
491 2415 655 2445 accedendi
684 2416 783 2454 copia,
810 2425 959 2454 quemque

256 2460 333 2490 libet
344 2460 373 2489 in
384 2461 435 2498 jus
449 2458 588 2496 vocandi,
601 2468 697 2497 neque
708 2462 805 2487 tamen
819 2458 870 2496 qui
880 2458 960 2486 istuc

257 2503 367 2532 fecerit
381 2502 514 2532 vexandi
533 2501 627 2540 gratia
651 2504 682 2529 et
705 2501 866 2539 explendae
881 2500 960 2530 iuvi-

258 2545 329 2580 diae,
353 2549 404 2579 aut
424 2548 541 2582 rectum
568 2543 684 2578 fecerit,
708 2548 759 2572 aut
780 2543 883 2577 civile,
910 2547 961 2572 aut

253 2588 381 2625 justum,
393 2587 602 2617 Athenienses.
640 2585 724 2619 Quod
735 2586 790 2614 uisi
803 2585 855 2614 hac
870 2590 962 2614 mente

259 2635 409 2659 accusator
433 2630 578 2662 extitisset,
606 2628 695 2657 tantis
724 2628 800 2656 meis
828 2628 961 2665 flagitiis,

261 2682 329 2700 cum
351 2672 441 2702 etiam
463 2676 527 2701 turn
554 2675 657 2700 essent
683 2670 828 2705 recentia,
855 2679 962 2709 poenas

258 2713 378 2751 legibus
399 2714 578 2744 constitutas
601 2722 754 2752 opponere
771 2713 856 2742 illum
873 2722 963 2751 opor-

261 2755 329 2790 tuit,
355 2756 403 2785 vel
426 2757 505 2786 laesae
521 2755 699 2794 majestatis,
715 2755 764 2784 vel
780 2755 882 2794 legum
900 2754 963 2783 vio-

261 2797 389 2827 latarum
411 2799 635 2836 postulantem3
658 2797 704 2826 nal
727 2799 822 2826 τοῦτον
843 2796 889 2826 τὸν
903 2795 963 2836 τρό-

262 2849 312 2868 πον
326 2840 364 2872 εἶς
384 2839 467 2879 ›egio-tv
484 2841 669 2870 καθιστάντα
682 2839 748 2879 παρ’
763 2840 838 2879 ὑμῖν.
884 2839 963 2879 (Me,

266 2883 395 2920 inquam,
422 2889 507 2922 atque
535 2884 590 2912 hac
616 2883 665 2912 viu
686 2883 828 2912 solicitare
848 2882 963 2912 debuit:

263 2923 435 2963 nentiquam
451 2926 527 2954 enim
541 2926 767 2964 Ctesiphontem
779 2928 881 2964 potest
893 2935 964 2955 con-

692 1442 793 1471 Teneo
805 1443 877 1481 quid
894 1442 960 1471 ho?

623 189 1263 234 ΔΗΜΟΣΘΕΝΟΎΣ

959 301 1064 330 fodere
1080 311 1136 340 per
1157 310 1224 330 mea
1241 300 1357 336 latera;
1380 308 1475 337 neque
1497 298 1663 332 enimvero,

961 345 985 372 si
1008 354 1056 372 me
1079 343 1164 372 obrui
1187 352 1279 381 posse
1302 341 1479 375 confideret,
1501 340 1586 369 illum
1609 350 1663 368 un-

962 396 1050 424 quam
1081 385 1271 424 petivisset.)
1321 384 1494 420 Quinetiam
1525 383 1550 411 si
1583 382 1665 420 quod

963 428 1043 457 aliud
1060 438 1174 462 eorum,
1195 437 1261 465 quae
1284 426 1374 455 modo
1397 425 1580 454 calumniose
1595 435 1666 463 per-

963 471 1118 505 censebat,
1133 480 1180 499 me
1193 473 1359 507 patrantem
1374 468 1580 501 observasset,
1597 471 1667 495 sunt

964 513 1048 551 leges
1064 513 1102 541 de
1119 511 1267 546 omnibus,
1283 516 1352 540 sunt
1366 510 1494 549 judicia,
1512 513 1581 538 sunt
1594 509 1668 539 acti-

968 565 1052 588 ones,
1067 555 1125 584 &c.
1149 554 1266 583 STocx.

1007 599 1053 627 Τὰ
1075 596 1128 635 μὲν
1147 593 1187 625 οὖν
1207 591 1547 634 κατηγορημένα-ἀλλ’
1568 592 1611 630 ἐφ’
1634 590 1671 626 οἷς

966 649 994 668 κ.
1010 652 1040 668 τ.
1055 639 1100 678 λ.]
1125 639 1216 668 Hunc
1239 638 1338 667 locum
1355 647 1422 665 cum
1438 636 1590 674 'raylorus
1603 636 1670 665 alii-

968 692 1025 720 que
1049 686 1082 710 ut
1103 680 1361 719 corruptissimum
1386 678 1671 717 transpositionibus

968 733 1072 753 sanare
1086 728 1116 753 et
1127 722 1388 753 emendationibus
1400 720 1672 755 tentaverint,Rei-

969 766 1053 795 skius
1078 776 1163 800 vero,
1179 775 1245 802 quae
1265 764 1326 793 illis
1340 763 1417 795 ,viris
1432 763 1522 792 dubia
1538 763 1617 797 visa,
1631 762 1672 791 iis

970 808 1089 838 silentio
1113 807 1305 841 transmissis,
1326 815 1382 844 pro
1406 815 1479 834 sano
1502 810 1532 834 et
1553 805 1671 843 integro

973 850 1125 886 habuerit,
1140 850 1168 879 in
1188 850 1246 879 hoc
1262 849 1401 878 dissensu
1419 847 1551 876 virorum
1568 847 1676 876 docto-

973 903 1051 929 rum,
1066 898 1099 921 ut
1114 893 1159 927 fit,
1173 891 1311 921 timidius
1340 899 1409 927 agn,
1432 900 1500 918 cum
1524 899 1619 918 meam
1636 890 1675 918 de

971 935 1024 964 illo
1057 934 1236 965 sententiam
1273 933 1388 971 aperio.
1435 933 1514 962 Nam
1550 931 1675 961 alterius

974 977 1069 1007 utrius
1097 977 1216 1015 judicio
1242 974 1420 1013 ignorantiae
1447 974 1559 1003 crimen
1585 976 1676 1003 susti-

973 1020 1104 1050 nendum
1130 1029 1199 1049 esse
1226 1018 1328 1047 video.
1374 1019 1415 1047 Et
1436 1022 1535 1045 tamen
1557 1016 1676 1045 faciam.

974 1062 1209 1096 Demosthenes,
1236 1060 1274 1089 ad
1306 1070 1341 1089 ea
1369 1069 1582 1097 responsurus,
1611 1069 1678 1096 quae

975 1104 1140 1134 AEschines
1163 1104 1194 1133 in
1218 1113 1277 1137 reS,
1301 1103 1338 1131 ab
1358 1112 1394 1131 eo
1420 1100 1539 1141 publice
1565 1107 1680 1139 gestas,

977 1146 1147 1176 contulerat
1168 1146 1294 1175 crimina
1319 1150 1350 1174 et
1370 1144 1537 1178 mendacia,
1560 1143 1589 1172 in
1613 1143 1682 1172 uni-

978 1199 1097 1218 versum
1109 1193 1178 1218 ante
1191 1188 1230 1217 de
1245 1187 1372 1216 consilio
1389 1186 1589 1215 accusationis
1602 1184 1682 1225 (vagi

977 1233 1027 1263 τῆς
1056 1230 1235 1269 πεοαιξὲσ-εως
1255 1230 1304 1258 ’τοῦ
1338 1228 1453 1267 ἀγῶνος)
1477 1228 1623 1265 disputat,
1646 1232 1681 1256 ut

979 1273 1130 1307 ostendat,
1161 1271 1336 1302 AEschinem
1376 1270 1430 1299 illo
1467 1270 1589 1308 quidem
1619 1270 1684 1298 ani-

981 1325 1059 1344 mum
1087 1314 1148 1343 sibi
1171 1313 1414 1343 inimicissimum
1435 1312 1577 1350 prodere,
1600 1312 1683 1351 quod

979 1357 1105 1386 crimina
1126 1357 1178 1386 illa
1200 1367 1258 1385 non
1282 1355 1366 1390 olim,
1382 1354 1595 1392 suo-quodque
1607 1359 1683 1383 tem-

980 1409 1064 1448 pore,
1085 1398 1242 1437 objecerit,
1262 1398 1316 1427 sed
1340 1397 1439 1426 omnia
1461 1406 1540 1426 nunc
1561 1396 1592 1425 in
1614 1407 1684 1446 per-

979 1441 1088 1472 niciem
1112 1450 1195 1470 suam
1218 1439 1455 1470 coacervaverit.
1503 1439 1632 1468 Verbis
1624 1438 1684 1478 1gi-

979 1488 1028 1513 tur
1040 1486 1080 1513 τόι
1091 1501 1133 1506 --
1143 1483 1262 1512 τοιαῦτα
1277 1482 1438 1512 discrimen
1452 1480 1526 1510 facit
1535 1482 1614 1510 inter
1626 1482 1686 1510 cri-

981 1528 1062 1556 mina
1093 1527 1129 1555 ab
1157 1525 1302 1556 AEsohine
1323 1524 1353 1553 in
1381 1534 1414 1553 se
1437 1523 1529 1559 dicta,
1556 1534 1684 1562 quorum

981 1568 1205 1598 multitudinem
1232 1573 1264 1597 et
1288 1566 1523 1604 magnitudinem
1548 1576 1608 1595 non
1635 1576 1687 1595 ne-

983 1616 1045 1650 gat,
1075 1615 1107 1639 et
1134 1611 1212 1640 inter
1243 1609 1402 1640 consilium
1436 1608 1638 1638 accusationis
1658 1609 1683 1637 i-

984 1664 1084 1693 psum,
1095 1654 1176 1692 quod
1187 1652 1286 1682 statim
1299 1655 1333 1681 ut
1345 1651 1566 1681 atrocissimum
1581 1655 1610 1680 et
1618 1661 1690 1688 pes-

984 1697 1091 1726 simum
1129 1696 1312 1731 insectatum
1349 1704 1523 1733 quamquam
1538 1693 1687 1731 —idque

986 1738 1088 1768 verbis
1110 1740 1164 1767 τῶν
1185 1736 1336 1776 μέντοι-
1352 1735 1434 1773 ἐγγὺς
1459 1736 1630 1765 continetur
1644 1751 1689 1758 —

985 1781 1107 1820 dignam
1129 1780 1190 1809 sibi
1214 1791 1266 1819 pro
1289 1779 1467 1813 malefactis,
1483 1778 1508 1807 si
1525 1789 1599 1807 vera
1615 1778 1686 1812 siut,

985 1825 1128 1853 mulctam
1150 1823 1303 1860 imponere
1325 1826 1456 1858 nequeat
1477 1821 1597 1850 civitas.
1641 1820 1693 1849 Ita

986 1867 1079 1895 verba
1093 1867 1147 1893 τῶν
1167 1864 1263 1903 μέντοι
1283 1865 1448 1903 κατηγοριῶν
1459 1881 1502 1885 --
1513 1861 1608 1900 ἐγγὺς,
1624 1872 1691 1901 quae

987 1913 1021 1937 ut
1045 1908 1234 1937 iterationem
1259 1916 1382 1936 meram
1393 1906 1553 1935 verborum
1577 1907 1618 1934 τὰ
1639 1903 1694 1943 μὲν

987 1961 1028 1979 ουν
1044 1968 1086 1974 —-
1100 1948 1237 1990 τιμωρίας
1265 1948 1415 1987 ejicienda
1437 1947 1555 1977 censuit
1581 1947 1692 1986 Taylo-

987 2003 1049 2028 rus,
1066 1993 1092 2022 si
1106 2002 1162 2029 pro
1177 1991 1296 2031 adjecto
1313 1990 1447 2019 membro
1463 1990 1632 2028 acceperis,
1646 1989 1692 2018 lo-

989 2045 1056 2064 cum
1068 2035 1179 2063 habere
1190 2043 1293 2072 posse,
1304 2042 1391 2062 nemo
1403 2042 1462 2061 non
1478 2031 1572 2061 videt.
1616 2032 1691 2060 Par-

988 2077 1082 2106 ticula
1100 2075 1197 2115 μέντοι
1213 2081 1324 2109 autem,
1339 2078 1373 2104 ut
1394 2074 1567 2103 Latinorum
1591 2084 1692 2112 quam-

988 2128 1085 2158 quam,
1114 2117 1266 2156 ejusmodi
1295 2117 1429 2145 membra
1458 2116 1611 2154 prioribus
1639 2126 1692 2154 ap-

988 2160 1072 2199 poni,
1097 2159 1221 2189 indicat.
1264 2161 1332 2189 dam
1350 2169 1421 2188 vero
1435 2159 1563 2197 periodo
1580 2158 1620 2188 Οὐ
1638 2160 1694 2198 γὰρ

989 2201 1419 2242 ἀφαιξεῖσθαι-γραιφόμενον,
1449 2211 1508 2239 qua
1536 2201 1574 2230 de
1600 2211 1692 2230 causa

990 2245 1150 2274 consilium
1164 2243 1367 2275 accusationis
1390 2242 1634 2273 inimicissimum
1651 2244 1692 2272 si-

990 2287 1022 2317 bi
1037 2288 1186 2321 videatur,
1200 2287 1407 2316 demonstrare
1423 2286 1609 2324 aggreditur.
1632 2287 1694 2315 lta-

991 2340 1049 2369 que
1062 2329 1242 2369 particulam
1254 2331 1306 2369 γὰρ
1322 2329 1359 2357 ad
1377 2329 1469 2358 verba
1480 2330 1529 2357 τοῦ
1543 2327 1570 2359 δὲ
1581 2344 1622 2351 -
1634 2340 1694 2358 τοι·

991 2374 1067 2402 αὔτα,
1091 2372 1281 2402 referendam
1306 2382 1385 2406 esse,
1407 2381 1463 2400 nec
1492 2370 1589 2409 magis
1614 2371 1694 2401 hunc

991 2425 1160 2445 connexum
1177 2414 1278 2443 verbis
1293 2412 1481 2452 interpositis
1491 2415 1545 2442 τῶν
1555 2429 1598 2436 —
1612 2412 1696 2451 ἐγγὺς

992 2457 1119 2493 turbari,
1134 2460 1228 2497 patet,
1243 2466 1331 2495 quam
1348 2456 1416 2485 loco
1432 2456 1501 2485 huic
1526 2455 1694 2491 simillimo,

993 2510 1056 2549 quo.
1065 2500 1345 2538 interpretationem
1360 2502 1492 2527 nostram
1509 2498 1633 2550 egregie
1645 2500 1696 2536 ju-

993 2543 1238 2595 varif'irmarique
1253 2542 1353 2575 vides,
1362 2540 1387 2579 ἑ.
1395 2539 1431 2578 ξ’.
1451 2538 1536 2569 Νῦνδ’
1550 2538 1616 2577 ἐγὼ
1630 2540 1697 2578 μὲν

994 2596 1133 2624 υμὲτέξᾶς
1147 2587 1201 2618 Τὰς
1215 2594 1348 2616 Τθίᾱυτᾱς
1362 2582 1542 2634 ’ῙΤρΟαΖξὲ-Τἔίζη4
1544 2581 1698 2619 ἀποφαίνω,

994 2639 1040 2656 καί
1057 2627 1190 2666 δέίκνυμί,
1210 2625 1254 2656 ὅτι
1275 2638 1321 2655 καί
1340 2636 1398 2675 προ
1410 2637 1479 2664 Εμθυ
1494 2636 1564 2653 Τῦυτ
1587 2623 1648 2664 iix?
1663 2636 1698 2654 '2⁴0

994 2670 1120 2709 φρόνημα.
1135 2682 1148 2700 η
1164 2669 1254 2703 πόλις·
1271 2679 1332 2701 της
1351 2666 1479 2707 μέντοι
1501 2666 1634 2699 διακονίας
1647 2679 1698 2701 της

995 2711 1039 2751 Εφ
1065 2713 1195 2746 ἑκάστοις
1216 2712 1269 2740 ’Τῶν
1290 2720 1452 2749 ῦξπραγμξ
1442 2708 1501 2738 ἔνων
1514 2720 1561 2738 καί
1577 2720 1696 2748 ξμαυτω

994 2753 1123 2794 μετεῖναί
1143 2762 1220 2794 φημι
1244 2764 1351 2786 ουτος
1376 2751 1423 2787 δὲ,
1448 2754 1502 2781 τῶν
1521 2750 1589 2781 δ’λων
1607 2762 1698 2781 κατη-

995 2800 1087 2837 γοςῶν,
1103 2808 1150 2826 και
1172 2795 1287 2825 κελεύων
1308 2796 1384 2834 ὑμᾶς
1401 2793 1480 2844 ἐμοιΝ
1489 2796 1591 2833 πικρῶς
1611 2793 1695 2834 ἔχειν,

997 2840 1032 2873 ὡς
1045 2839 1136 2879 φόβων
1151 2840 1197 2868 καὶ
1213 2837 1330 2867 κινδύνων
1347 2835 1428 2874 αἰτίῳ
1441 2836 1480 2866 ‘ri'
1491 2835 1571 2866 πόλει
1589 2846 1699 2873 γεγενη-

996 2881 1081 2919 μένω,
1103 2893 1152 2914 της
1171 2881 1225 2918 μὲν
1246 2880 1284 2914 εἷς
1304 2878 1338 2909 τὸ
1360 2878 1441 2919 ‘naptir
1454 2880 1542 2917 τιμῆς
1556 2876 1610 2916 ἐμὲ
1626 2879 1699 2908 ἀπο·-

999 2926 1129 2964 στερῆσαι
1144 2922 1291 2964 γλίχεται,
1307 2925 1346 2952 τὰ
1362 2920 1385 2951 δ’
1399 2922 1435 2954 εἷς
1452 2922 1569 2951 ἅπαντα.
1583 2919 1628 2950 τὸν
1643 2927 1699 2951 λοι-
