1928 3284
246 317 384 356 ausim.
441 317 591 356 Contra
611 328 734 367 quum
754 321 893 367 reputo
912 329 1078 361 mecum,
1100 316 1207 367 apud
1227 315 1456 354 AEschinem
1481 326 1560 351 non
1580 313 1705 350 minus

247 379 311 429 agi
331 378 380 417 de
406 390 533 416 annua
553 377 824 416 emendatione
843 377 986 427 legum,
1006 377 1144 428 priscis
1166 377 1317 428 legibus
1347 375 1573 419 constituta,
1594 373 1708 410 nihil-

253 452 328 490 que
358 439 408 478 ab
434 440 502 478 illo
531 439 624 486 dici,
650 438 757 490 quod
787 451 874 475 cum
903 438 992 476 loco
1019 438 1297 476 Demosthenis
1327 443 1488 487 pugnet,
1509 448 1707 485 quumque

251 500 334 538 istis
362 502 489 552 legum
519 500 743 552 fragmentis
767 499 831 537 vix
861 499 985 536 omnis
1007 500 1105 537 ratio
1133 500 1277 550 negotii
1307 499 1420 549 plane
1440 496 1636 546 descripta
1658 495 1710 532 vi-

254 561 338 600 deri
367 568 499 614 queat,
525 562 684 613 pronior
713 574 797 598 sum
826 560 864 597 in
893 573 979 597 eam
1006 567 1169 610 partem,
1202 567 1243 598 ut
1269 559 1501 604 AEschinem,
1531 556 1708 608 quamvis

256 623 488 670 breviorem,
509 630 592 661 tum
613 622 662 660 de
682 622 817 659 eadem
847 634 888 659 re
907 622 967 659 vel
987 621 1071 670 ejus
1097 622 1153 659 rei
1173 620 1457 672 praeparatione
1486 620 1605 669 loqui,
1627 625 1710 656 tum

255 685 355 723 adeo
375 685 552 724 nonnihil
574 684 660 721 novi
675 684 726 721 ab
747 696 794 720 eo
814 683 926 721 nobis
941 682 1068 720 afferri
1088 683 1264 721 arbitrer.

313 746 374 784 Ad
407 746 634 796 Leptineam
669 744 887 782 redeamus.
942 743 988 781 In
1022 745 1172 794 paucis,
1205 757 1301 794 quas
1330 743 1392 780 hic
1427 743 1568 779 Orator
1598 740 1711 785 dixit,

258 806 404 844 caussis
430 806 514 850 noti
547 805 663 843 hodie
684 810 773 843 sunt
789 810 950 842 eventus
973 804 1214 853 judiciorum
1233 818 1242 842 2
1271 804 1309 840 id
1332 802 1440 853 quod
1462 815 1564 852 saepe
1585 802 1711 850 ingra-

258 874 340 906 tum
373 868 519 918 legenti
559 866 736 905 accidere
770 866 901 904 debet.
957 865 1042 903 Nec
1080 866 1129 903 de
1169 866 1241 903 hac
1275 864 1466 902 Oratione
1498 862 1710 913 quidquam

259 935 361 966 esset
380 929 493 968 nobis
514 934 770 979 compertum,
796 927 870 965 nisi
890 928 1153 965 testimonium
1183 927 1318 965 Dionis
1351 924 1621 975 Chrysostomi
1644 937 1711 960 ex-

255 996 405 1029 staret?
461 993 594 1041 Atque
613 990 652 1028 id
672 989 937 1028 testimonium
957 995 1090 1039 aperte
1107 988 1252 1039 prodit,
1269 987 1379 1036 (talia
1399 986 1497 1024 enim
1518 985 1712 1035 Sophistae

260 1064 337 1089 non
364 1052 601 1090 mentiuntur
616 1054 646 1101 :)
664 1051 802 1089 vicisse
823 1050 1128 1089 Demosthenem
1157 1063 1330 1089 caussam
1361 1061 1480 1094 suam,
1512 1046 1716 1085 sublatam-

263 1125 339 1162 que
359 1126 442 1152 esse
462 1114 587 1163 legem
607 1112 798 1163 Leptinis.

314 1176 399 1214 Jam
419 1176 528 1226 quod
548 1187 665 1212 unum
685 1174 879 1224 reliquum
895 1179 966 1219 est,
981 1187 1051 1212 nos
1064 1173 1103 1211 in
1121 1173 1314 1211 Orationis
1328 1172 1443 1221 hujus
1463 1170 1715 1220 inscriptione

261 1238 385 1275 secuti
414 1249 545 1275 sumus
571 1249 719 1274 morem
746 1236 990 1286 vulgatorum
1019 1235 1219 1281 librorum,
1250 1234 1319 1284 qui
1347 1245 1496 1271 summo
1524 1243 1717 1269 consensu

260 1298 363 1337 hanc
401 1304 550 1344 tenent,
588 1300 607 1336 ὁ
650 1297 775 1349 πρὸς
813 1296 1088 1343 Λεπτίνην
1130 1299 1302 1345 λόγος.
1359 1296 1446 1332 Nec
1493 1305 1584 1331 sane
1628 1305 1716 1330 eum

262 1372 407 1398 morem
438 1372 579 1397 novum
609 1372 705 1404 esse,
726 1363 870 1409 praeter
897 1357 1009 1395 aliosb
1036 1364 1227 1395 monstrat
1253 1369 1466 1406 anonymus
1488 1353 1718 1404 Argumenti

263 1422 399 1459 Graeci
419 1421 599 1471 scriptor,
615 1420 841 1465 admonens,
858 1419 953 1468 quid
975 1419 1124 1456 intersit
1138 1419 1238 1456 inter
1253 1421 1346 1455 κατὰ
1362 1416 1554 1455 Λεπτίνου
1569 1421 1608 1453 et
1622 1415 1718 1467 πρὸς

262 1483 471 1530 Λεπτίνην.
528 1482 686 1521 Scilicet
712 1481 818 1531 prius
839 1482 950 1531 quasi
970 1480 1212 1518 domicilium
1238 1479 1358 1516 habet
1386 1479 1425 1515 in
1453 1476 1719 1525 accusatione,

260 1545 458 1596 posterius
479 1549 628 1582 tantum
651 1547 886 1594 proesentem
904 1543 946 1579 in
963 1541 1124 1591 judicio
1146 1542 1285 1591 signat,
1308 1553 1385 1577 non
1410 1551 1517 1576 reum
1529 1539 1719 1588 sactum.C

262 1606 340 1643 Sed
367 1605 565 1656 antiquior
594 1610 688 1642 aetas
720 1604 953 1642 Graecorum
973 1602 1213 1652 frequentius
1241 1602 1295 1639 ita
1316 1601 1436 1639 citare
1458 1600 1585 1638 solet:
1616 1601 1721 1650 περὶ

266 1676 362 1707 τῶν
394 1671 647 1713 ἀτελειῶν,
684 1668 906 1716 περὶτῆς
939 1666 1174 1710 α’τελείας,
1195 1664 1318 1702 rarius
1338 1663 1452 1701 etiam
1481 1661 1600 1712 ὑπὲρ
1628 1668 1721 1699 τῶν

265 1733 534 1768 ἀτελειῶν.
592 1728 750 1766 Docent
783 1727 868 1764 haec
897 1726 1026 1777 plures
1061 1725 1153 1771 loci,
1182 1738 1282 1774 quos
1311 1723 1403 1761 alibi
1434 1723 1722 1772 adscripsimus.

265 1793 413 1831 Omnes
441 1797 635 1837 auctores,
656 1803 679 1827 a
698 1789 842 1840 quibus
873 1789 957 1826 haec
988 1788 1125 1835 Oratio
1157 1787 1350 1832 laudetur,
1382 1786 1457 1824 huc
1490 1786 1720 1836 constipare,

266 1853 474 1892 obscuram
495 1858 533 1890 et
554 1851 729 1890 inutilem
750 1850 990 1901 diligentiam
1007 1856 1117 1901 puto.

263 1957 459 1993 habentibus,
488 1956 522 1987 id
551 1956 709 1986 commode
739 1954 834 1985 tribui
864 1955 975 1994 potuit.

263 2003 353 2040 Saepe
378 2001 443 2030 haec
465 2010 512 2029 me
544 2002 710 2029 torserunt.
755 1999 817 2028 Alii
834 1998 976 2037 ignoran-

263 2044 337 2074 tiam
353 2053 439 2073 suam
453 2043 577 2072 silentio
593 2046 710 2081 tegunt.

307 2092 322 2108 ³
338 2087 443 2116 Verba
455 2085 576 2119 Dionis,
592 2085 684 2114 etiam
701 2094 719 2113 a
741 2083 874 2121 Tayloro
890 2083 974 2112 adhi-

264 2129 423 2165 bita‚sunt
437 2129 469 2158 in
486 2128 658 2162 Rhodiaca,
675 2128 729 2156 Or.
748 2126 883 2156 XXXI.
896 2127 933 2155 T.
950 2127 976 2156 Ι.

266 2182 299 2211 p.
317 2174 391 2203 635.
414 2172 464 2201 ed.
480 2170 590 2200 Reisk.
636 2166 775 2201 Λεπτίνης
790 2180 834 2202 τις
847 2168 977 2205 εἶςήνεγκε

266 2213 356 2255 νόμον,
394 2214 430 2246 ὡς
466 2215 533 2254 χρῆν
560 2215 616 2245 τὰς
646 2211 778 2244 ἀτελείας
811 2210 978 2250 ἀφελέσθαι

268 2259 334 2291 τοὺς
362 2255 482 2297 ἔχοντας
506 2258 583 2295 παρὰ.
613 2255 662 2284 ’τοῦ
689 2254 800 2294 Δήμου,
828 2253 897 2294 δίχα.
925 2255 980 2282 τῶν

269 2299 322 2340 ἀφ’
348 2298 494 2339 Ἃςμσδιόυ
517 2298 564 2326 καὶ
592 2296 834 2338 Ἀξιστογείτονος,
859 2296 907 2325 καὶ
922 2309 980 2336 μη-

269 2343 333 2372 κέτι
355 2341 388 2371 τὸ
410 2339 502 2371 λοιπὸν
517 2339 614 2378 ἐξεῖναι
637 2338 734 2369 διδόναι
749 2339 844 2379 μηδενὶ
864 2341 914 2369 τὴν
930 2341 981 2368 δω-

270 2387 331 2426 ςεῖιν
345 2384 462 2414 ταύτην.
506 2382 543 2412 Τί
558 2381 600 2412 οἶν
613 2394 621 2419 ;
647 2381 707 2411 ’ἐσθ’
721 2381 795 2415 ὅπως
808 2381 981 2421 ωαξεδὲξαν-

271 2441 307 2459 το
329 2427 376 2457 τὸν
389 2426 487 2466 νόμον;
518 2426 663 2465 Οὐμενοῖν·
686 2423 753 2453 ἀλλ’
773 2424 848 2454 ἑάλω
864 2424 981 2464 γξίιφης.

271 2472 310 2501 In
337 2470 452 2500 ultimis
473 2468 521 2498 his
546 2469 649 2507 inepte
675 2467 837 2502 Reiskius,
868 2469 981 2506 injecto

272 2513 438 2548 vocabulo,
452 2511 617 2551 legendum
633 2515 750 2544 censet,
773 2510 848 2540 ἑάλω
864 2509 982 2549 ‘magam-

274 2567 336 2597 μων
350 2557 468 2595 γραφῆς.
499 2553 592 2584 Ratio
607 2557 692 2592 patet
706 2562 747 2582 ex
763 2553 982 2592 superioribus.

319 2599 393 2629 b,Ut
409 2597 590 2628 Philostrat.
614 2597 653 2626 de
677 2595 740 2625 Vit.
764 2595 860 2635 Soph.
888 2596 933 2625 ΙΙ.
951 2605 983 2634 p.

1013 1956 1086 1984 601.
1101 1953 1181 1983 unde
1195 1962 1250 1982 sua
1261 1952 1386 1995 repetiit
1394 1951 1533 1982 Eudocia
1545 1952 1613 1982 Ion.
1627 1961 1658 1990 p.
1669 1951 1723 1981 5⁷.

1013 1997 1103 2026 Adde
1128 1997 1282 2026 Theonem
1314 1996 1482 2034 Progymn.
1514 2005 1545 2034 p.
1570 1997 1600 2025 9.
1625 1998 1657 2023 et
1672 1995 1724 2023 16.

1013 2040 1171 2070 Tiberium
1186 2039 1280 2068 Rhet.
1295 2048 1327 2077 p.
1352 2041 1424 2070 168.
1443 2042 1476 2067 et
1491 2040 1565 2069 176.
1609 2036 1721 2076 Apsin-

1012 2083 1044 2112 in
1073 2082 1146 2112 Aldi
1172 2082 1265 2111 Rhet.
1292 2091 1324 2120 p.
1359 2081 1432 2112 695.
1459 2082 1533 2111 697.
1565 2084 1596 2109 et
1631 2079 1720 2108 alios.

1013 2127 1088 2164 Ipse
1105 2125 1215 2154 Cicero
1236 2123 1464 2162 quodammodo
1496 2123 1554 2151 huc
1577 2122 1656 2151 trahi
1668 2131 1723 2159 po-

1015 2173 1077 2198 test
1096 2169 1183 2197 Orat.
1212 2178 1238 2196 c.
1264 2169 1316 2196 31.
1361 2166 1475 2195 Contra
1490 2164 1605 2194 ultimae
1621 2164 1721 2193 aetatis

1016 2214 1133 2245 auctor,
1148 2209 1279 2239 Thomas
1308 2208 1460 2247 Magister
1483 2217 1514 2236 v.
1539 2206 1724 2248 παρανόμων,

1016 2253 1255 2283 Demosthenem
1270 2252 1375 2281 laudat
1399 2250 1429 2279 ἐν
1455 2250 1504 2288 τῷ
1527 2250 1609 2291 περὶ
1643 2250 1723 2278 ἄτε-

1016 2295 1125 2330 λείας.
1155 2297 1195 2324 At
1205 2295 1309 2330 verba,
1320 2304 1387 2333 quae
1401 2292 1539 2332 apponit,
1548 2292 1724 2331 nonlegun-

1017 2344 1068 2368 tur
1082 2339 1138 2373 ibi,
1156 2338 1210 2367 sed
1231 2338 1262 2367 in
1279 2338 1365 2367 Orat.
1386 2337 1424 2365 de
1441 2337 1512 2365 Cor.
1527 2339 1550 2370 ς’.
1567 2334 1611 2364 λέ.
1626 2335 1657 2364 ἰι]
1672 2335 1726 2364 fin.

1061 2386 1074 2402 ⁰
1093 2383 1139 2411 De
1166 2381 1224 2410 hoc
1254 2390 1313 2410 usu
1340 2379 1499 2418 particulae
1529 2377 1617 2418 πρὸς
1644 2377 1726 2407 conf.

1018 2424 1135 2453 Mureti
1150 2424 1190 2452 V.
1218 2424 1257 2453 L.
1281 2423 1356 2452 VII.
1374 2426 1404 2454 9.
1427 2426 1458 2451 et
1478 2421 1565 2459 Tayl.
1595 2420 1634 2449 ad
1659 2421 1724 2449 De-

1017 2468 1127 2497 mosth.
1157 2466 1230 2496 adv.
1263 2465 1408 2494 Eubulid.
1439 2464 1472 2493 in
1497 2463 1616 2502 proleg.
1674 2462 1723 2492 Ad

1017 2511 1121 2550 plures
1147 2509 1310 2538 Orationes
1336 2518 1372 2538 ea
1387 2505 1563 2536 observatio
1584 2504 1725 2545 pertinet.

1018 2552 1126 2582 Latine
1142 2551 1173 2581 in
1200 2551 1246 2580 his
1262 2550 1403 2580 omnibus
1427 2547 1510 2589 πρὸς
1533 2547 1726 2581 vertendum,

1019 2596 1167 2631 adversus,
1181 2604 1239 2624 non
1255 2595 1300 2630 in,
1318 2593 1399 2632 quod
1415 2596 1463 2622 est
1483 2591 1586 2622 κατά.
