1928 3284
243 200 352 255 356

298 322 369 361 Est
388 321 488 360 enim
512 320 597 359 haec
618 320 758 359 Oratio
779 334 825 358 ex
846 333 982 370 genere
1003 320 1299 371 δευτερολογιῶν,
1320 325 1359 358 et
1378 319 1424 368 is,
1450 319 1563 371 quem
1586 321 1704 359 modo

247 384 457 430 nominavi,
483 383 667 423 Phormio
688 382 818 434 priore
838 383 926 420 loco
945 383 1063 421 verba
1082 382 1251 422 fecerat-¹
1305 383 1368 420 llli
1393 383 1536 433 generi,
1556 397 1597 422 re
1621 384 1706 434 ipsa

242 447 424 497 jubente,
440 459 585 484 summa
600 445 766 483 brevitas
782 444 986 495 proposita
1002 450 1097 490 erat,
1113 450 1153 482 et
1168 458 1462 495 nonnunquam,
1480 446 1510 483 si
1526 446 1611 496 quis
1626 458 1705 483 rem

245 521 268 546 a
289 507 491 546 decessore
513 521 583 545 suo
608 507 658 544 ab
689 505 793 543 omni
821 511 933 556 parte
964 505 1190 545 illustratam
1219 511 1387 556 putaret,
1411 506 1518 544 nudo
1547 506 1706 557 epilogo

247 569 547 619 defungebatur.
604 567 835 616 eujusmodi
866 567 1017 619 aliquot
1040 568 1309 606 Oratiunculae
1333 567 1441 619 apud
1471 567 1623 619 Lysiam
1643 581 1707 605 ex-

247 635 391 669 stant.¹¹³
445 631 680 679 Quanquam
707 628 745 666 in
771 628 1011 678 gravioribus
1041 629 1188 668 caussis
1209 629 1325 667 etiam
1345 630 1437 668 satis
1458 629 1588 680 lougae
1607 629 1708 667 Ora-

248 693 374 732 tiones
394 691 567 730 secundo
588 696 629 729 et
648 690 764 729 tertio
778 690 868 729 loco
888 690 1167 736 afferebantur,
1191 691 1317 741 qualis
1337 691 1471 729 Nostri
1491 697 1550 729 est
1569 695 1708 728 contra

246 753 547 799 Androtionem‚
567 758 606 790 et
622 752 707 790 haec
723 751 928 802 Leptinea.
986 754 1042 790 At
1061 752 1099 790 in
1121 752 1261 789 talibus
1277 751 1339 789 vix
1356 752 1487 801 potuit
1505 750 1603 800 fieri,
1616 751 1708 802 quin

248 828 353 866 saepe
382 814 531 861 eadem,
557 827 645 865 quae
666 816 998 864 πρωταγωνιστὴς“
1028 814 1202 860 dixisset,
1233 818 1514 864 repeterentur,
1550 812 1709 850 mutatis

246 880 397 914 tantum
425 875 569 922 verbis,
597 875 734 913 ordine
765 881 1096 925 argumentorum,
1128 875 1210 913 aliis
1238 875 1275 912 id
1308 887 1440 924 genuS.
1498 873 1622 923 Cujus
1653 873 1709 911 rei

247 938 361 988 culpa
373 936 517 987 aliqua,
540 937 571 974 si
592 937 677 974 haec
698 936 814 986 culpa
835 936 1004 974 dicenda
1024 941 1096 982 est,
1117 950 1165 975 ne
1178 937 1279 974 hanc
1299 935 1455 986 quidem
1478 934 1708 972 Orationem

246 1000 433 1047 caruisse,
451 1011 496 1036 ex
519 999 765 1047 Hermogene
787 997 946 1048 intelligi
961 997 1083 1036 licet.⁰
1139 998 1279 1042 Quid?
1310 997 1418 1047 quod
1442 996 1479 1034 in
1503 1009 1562 1042 ea,
1585 1009 1708 1046 quan-

248 1074 363 1113 quam
381 1061 517 1107 rarius,
537 1066 579 1098 et
594 1060 718 1099 multo
737 1059 911 1097 crebrius
932 1059 970 1097 in
996 1060 1079 1097 aliis
1102 1061 1218 1111 hujus
1238 1059 1421 1106 auctoris,
1443 1059 1593 1096 eaedem
1614 1058 1707 1096 sub-

247 1123 336 1161 inde
355 1123 517 1161 diversis
545 1122 583 1159 in
609 1122 707 1159 locis
740 1121 941 1159 sententiae
976 1127 1244 1159 resumuntur:
1278 1121 1316 1158 id
1339 1120 1447 1171 quod
1469 1121 1624 1158 miretur
1644 1119 1710 1158 ali-

248 1184 348 1237 quis,
372 1197 449 1235 qua
465 1183 611 1221 ratione
631 1195 742 1220 aures
764 1182 1060 1221 Atheniensium
1082 1183 1238 1220 tulerint
1258 1188 1335 1220 tam
1351 1181 1581 1219 fastidiosae.
1630 1181 1708 1218 Sed

245 1260 319 1297 ego
341 1246 395 1285 sic
424 1245 578 1283 omnino
608 1250 751 1290 statuo,
783 1244 893 1282 aliter
922 1244 1098 1283 oratione
1134 1244 1236 1282 affici
1263 1244 1469 1294 legentem,
1499 1241 1613 1280 aliter
1641 1254 1707 1279 au-

245 1309 430 1347 dientem.
489 1306 682 1344 Nimirum
712 1306 890 1351 alterum,
914 1306 978 1344 cui
1004 1311 1116 1344 vacat
1145 1306 1268 1357 prima
1295 1319 1382 1343 cum
1409 1304 1560 1350 mediis,
1580 1303 1709 1342 media

245 1383 333 1409 cum
354 1369 532 1407 extremis
552 1367 745 1413 conferre,
762 1367 970 1418 omniaque
991 1380 1122 1406 secum
1143 1366 1363 1418 composite
1384 1366 1598 1410 revolvere,
1619 1365 1707 1403 talis

243 1445 304 1470 res
328 1430 600 1470 suboffendere
630 1435 787 1481 potest;
813 1430 992 1475 alterum,
1023 1429 1091 1480 qui
1124 1428 1282 1468 incitate
1307 1441 1462 1466 cursum
1494 1426 1706 1478 praeeuntis

250 1494 442 1544 sequitur,
465 1505 541 1530 non
559 1497 715 1542 potest3
735 1491 802 1528 sed
823 1491 918 1528 latet
931 1504 1032 1537 eum,
1048 1496 1129 1536 aut,
1143 1491 1174 1528 si
1192 1490 1316 1528 minus
1334 1489 1441 1539 latet,
1454 1487 1708 1538 etiamjuvat.

697 212 855 256 FRID.
888 212 1028 254 AUG.
1061 211 1283 254 WOLFII

291 1586 431 1625 ¹Quater
444 1585 496 1616 ille
520 1595 537 1615 a
554 1585 672 1615 Nostro
702 1588 957 1614 commemoratur

246 1629 278 1660 iu
291 1630 377 1660 Orat.
393 1629 418 1670 §.
431 1627 478 1667 ιγ’.
497 1627 546 1659 ιδ’.
562 1629 609 1658 κά.
626 1627 679 1658 λδ’.

292 1676 316 1692 ¹¹¹
327 1672 399 1702 Vid.
416 1671 523 1711 Lysiae
533 1671 697 1702 Orationes
713 1670 844 1700 XVIII.
857 1670 957 1699 XXI.

247 1714 396 1746 XXVII.
422 1714 590 1745 XXVIII.
618 1713 759 1743 XXIX.
788 1723 827 1742 ex
854 1713 959 1742 ordine

246 1758 384 1799 Taylori.
409 1759 498 1788 Conf.
511 1757 660 1794 Hermog.
677 1755 737 1796 περὶ
752 1756 806 1784 τῶν
830 1756 960 1785 στάσεων

248 1811 276 1830 c.
287 1803 317 1832 5.
335 1811 366 1841 p.
381 1802 433 1832 30.
451 1805 480 1831 et
494 1800 555 1840 περὶ
567 1798 685 1839 μεθόδου
701 1797 796 1828 δεινότ.
814 1809 841 1828 c.
858 1799 910 1828 27.
927 1809 959 1837 p.

249 1845 323 1875 554.
355 1844 405 1874 ed.
435 1845 579 1874 Laurent.
611 1852 681 1872 cum
718 1842 848 1882 Gregor.
887 1841 958 1871 Cor.

248 1888 419 1917 Comment.
441 1898 474 1927 p.
490 1888 565 1917 944.
612 1884 737 1924 Ulpiau.
754 1885 790 1914 ad
805 1885 890 1914 Orat.
907 1894 960 1914 no-

253 1934 325 1959 strae
336 1929 403 1959 init.

291 1977 307 1993 ¹¹
319 1972 448 2002 Scilicet
468 1972 599 2007 nomina,
615 1970 869 2011 πρωταγωνιστής,
900 1970 958 2000 δευ-

247 2015 464 2055 τεραγωνιστής,
476 2014 712 2055 τριταγωνιστῆς,
741 2023 796 2043 usu
825 2023 842 2042 a
869 2023 960 2043 scena

246 2058 352 2094 ducto,
364 2059 506 2088 dicuntur
530 2058 569 2087 de
584 2056 758 2087 oratoribus
774 2066 830 2085 seu
844 2056 960 2086 caussi-

248 2101 338 2137 dicis,
353 2101 405 2140 qui
422 2111 454 2131 se
471 2101 502 2130 in
518 2101 624 2130 eadem
641 2109 748 2129 caussa
760 2099 889 2128 dicendo
906 2109 960 2128 ex-

249 2143 368 2182 cipiunt
384 2148 416 2174 et
438 2144 595 2182 adjuvant.
640 2141 738 2171 Simili
762 2142 959 2172 translatione

249 2186 349 2217 Latini
374 2197 495 2226 quoque
524 2185 678 2215 interdum
704 2189 841 2219 utuntur,
867 2195 959 2223 quum

248 2229 354 2259 dicunt
367 2234 479 2259 actores
489 2230 668 2268 primarum,
680 2228 886 2263 secundarum,
902 2234 959 2258 ter-

249 2272 363 2302 tiarum
376 2272 519 2310 partium.

289 2314 463 2354 ΟΠερῖμεὲ.
474 2314 533 2343 δειν.
549 2323 576 2342 c.
588 2314 639 2343 24.
656 2323 685 2351 p.
701 2313 774 2343 551.
792 2312 844 2343 ubi
860 2317 960 2343 osten-

247 2356 344 2394 ditur,
354 2358 464 2396 quibus
480 2356 581 2386 modis
594 2357 705 2385 Orator
718 2357 754 2384 ab
765 2356 832 2385 aliis
845 2360 912 2385 ante
929 2367 962 2387 se

249 2399 332 2430 dicta
347 2400 485 2439 proferre
506 2399 608 2438 possit
630 2398 693 2427 sine
710 2398 895 2428 offensione:
919 2397 961 2428 Ἐν

248 2443 287 2483 τῇ
310 2442 432 2482 δικανικῇ
446 2441 505 2481 ἰδέα
517 2441 563 2470 καὶ
580 2442 593 2471 ἦ
611 2442 661 2473 τῆς
680 2439 787 2479 τάξεως
808 2441 960 2480 μεταβολὴ

246 2485 341 2526 χώραν
366 2484 440 2526 ἔχει,
467 2485 553 2525 ὥςπερ
570 2482 754 2523 Δημοσθένης
776 2482 899 2514 ἐποίησεν
928 2483 960 2514 ἐν

247 2527 300 2566 ’τῷ
319 2528 401 2567 περὶ
424 2530 486 2561 τῆς
507 2524 692 2559 ἀτελείας.
738 2525 886 2565 Φορμίωνος
906 2528 959 2567 γὰρ

248 2571 542 2611 προκατηγορῆσαντος
567 2570 616 2598 τοῦ
651 2567 744 2608 νόμου,
771 2569 820 2598 καῖ
848 2580 958 2609 χρησα-

247 2612 332 2652 μένου
361 2614 420 2646 τοῖς
448 2611 611 2653 κεφαλαίοις
637 2613 687 2645 τῆς
723 2610 889 2651 διαιρέσεως,
915 2612 960 2652 τῷ

247 2655 355 2695 δικαίῳ,
382 2654 425 2695 τῷ
448 2654 631 2696 συμφέροντι,
663 2653 707 2693 τῷ
721 2652 812 2692 καλςῗὶ,
844 2654 888 2692 τᾲἷ
908 2656 959 2689 τῆς

249 2697 342 2737 ἀξίας,
379 2697 533 2738 ἀνέστρεψε
571 2699 620 2729 τῆν
655 2697 736 2736 τάξιν
768 2696 956 2737 μεταβαλών.

248 2743 311 2775 Πῶς
325 2740 352 2772 δὲ
368 2742 452 2772 τοῦτο
467 2739 602 2777 ἐποίησεν,
617 2739 643 2770 ἒν
659 2741 719 2773 τοῖς
735 2739 796 2780 περὶ
812 2740 860 2769 τοῦ
876 2739 958 2778 λόγου

247 2783 433 2824 διεξήλθομεν.
477 2783 561 2813 Hinc
575 2783 675 2813 obiter
689 2783 849 2819 discimus,
873 2783 957 2812 Rhe-

249 2830 345 2856 torem
371 2826 527 2866 proprium
540 2827 684 2866 quiddam
699 2826 729 2857 in
746 2826 822 2855 hanc
834 2825 957 2856 Oratio-

248 2879 329 2905 nem,
344 2870 473 2900 fortasse
500 2869 748 2899 commentarium
761 2868 958 2904 rhetoricum,

250 2912 424 2950 scripsisse.
468 2913 530 2942 Sed
554 2913 589 2941 ad
603 2912 655 2941 illa
679 2912 783 2947 verba,
810 2910 836 2941 ἔν
858 2910 898 2953 τῇ
918 2912 957 2941 δι-

247 2955 342 2994 aaran?
364 2954 434 2995 ἰδέᾳ,
450 2955 491 2984 ita
509 2956 636 2992 Gregor.
652 2955 724 2984 Cor.
739 2954 770 2983 in
784 2954 955 2994 Explicati-

249 3007 303 3027 one
326 2997 474 3037 Hermog-
492 3008 524 3037 p.
537 3000 609 3031 938.
653 2997 808 3038 Ἀπορῆσαί
824 3009 874 3038 μοι
890 2997 956 3037 πρό-

990 1595 1064 1625 τερον
1077 1584 1184 1620 ἔπεισι,
1202 1587 1262 1618 πῶς
1289 1583 1460 1625 προθέμενος
1485 1583 1498 1612 ὅ
1526 1582 1653 1623 τεχνικὸς
1669 1582 1708 1612 δι-

991 1627 1086 1667 δάξαι,
1103 1627 1146 1658 δ’τι
1173 1627 1199 1658 ἓν
1225 1627 1269 1666 τῷ
1288 1627 1418 1666 δικανικῷ
1447 1625 1635 1656 ἀλλάσσεται
1658 1625 1708 1655 καὶ

992 1671 1006 1700 ἦ
1022 1671 1115 1710 τάξις,
1133 1670 1315 1710 παράδειγμα
1333 1669 1421 1708 ἤγαγε
1437 1668 1498 1698 τὸν
1522 1668 1602 1707 περὶ
1629 1669 1708 1698 ἀτε-

993 1714 1093 1747 λείας
1115 1713 1229 1751 λόγον·
1254 1713 1360 1743 εὔδηλον
1375 1715 1439 1753 γὰρ,
1454 1710 1497 1741 ἔτι
1510 1710 1563 1742 ὑπὸ
1574 1712 1623 1741 τὴν
1635 1722 1707 1751 πρα-

992 1758 1138 1796 γματικὴν
1153 1753 1230 1790 οὗτος
1245 1757 1390 1794 ἀνάγεται·
1419 1756 1433 1785 ἦ
1456 1754 1484 1784 δὲ
1511 1754 1707 1794 πραγματικὴ

992 1801 1052 1833 τοῖς
1077 1800 1126 1829 τοῦ
1147 1799 1392 1838 συμβουλευτικοῦ
1411 1795 1574 1836 κεφαλαίοις
1603 1795 1706 1836 τέμνε-

993 1853 1055 1878 ται,
1071 1843 1118 1871 καῖ
1141 1842 1195 1873 ὑπὸ
1214 1841 1247 1870 τδ
1269 1838 1513 1882 συμβουλευτικδν
1528 1838 1597 1873 εἶδος
1608 1840 1707 1877 ἀνάγε-

993 1895 1043 1914 ται
1055 1884 1124 1925 μόνη
1134 1887 1188 1914 τῶν
1199 1884 1295 1914 ἄλλων
1310 1884 1440 1913 στάσεων
1457 1883 1596 1913 δικανικῶν
1612 1881 1706 1912 οὐσῶν.

988 1926 1088 1958 ''Ec-rw
1103 1925 1145 1958 οὖν
1161 1928 1265 1962 εἰπεῖν,
1291 1926 1334 1956 ὅτι
1361 1925 1418 1956 ἀπὸ
1438 1927 1488 1955 τοῦ
1504 1925 1610 1954 σκοποῦ
1625 1923 1707 1962 λέγε-

993 1982 1044 2001 ται
1060 1969 1200 2004 δικανικός·
1219 1969 1279 2000 ἐπεὶ
1295 1972 1348 2010 γὰρ
1368 1967 1472 1999 σκοπὸν
1496 1965 1557 2007 ἔχει
1584 1977 1707 2005 κατηγο-

993 2016 1074 2054 ρῆσαι
1089 2015 1139 2043 τοῦ
1159 2013 1244 2053 νόμου
1258 2014 1307 2042 τοῦ
1327 2011 1388 2042 hwa
1406 2008 1549 2042 Λεωτίνου
1570 2008 1706 2046 τεθέντος,

994 2059 1008 2088 ἧ
1032 2056 1059 2087 δὲ
1074 2056 1226 2097 κατηγορία
1246 2055 1329 2096 μέρος
1348 2054 1412 2084 ἐστὶ
1434 2054 1484 2083 τοῦ
1499 2053 1645 2087 δικανικοῦ,
1661 2052 1706 2082 διὰ

993 2100 1078 2129 τοῦτο
1097 2098 1214 2138 λέγεται
1237 2099 1285 2128 καὶ
1307 2094 1439 2129 δικανικός
1467 2095 1480 2124 ὅ
1501 2093 1595 2132 λόγος,
1620 2095 1642 2124 εἶ
1658 2095 1707 2124 καῖ

994 2144 1008 2173 ἦ
1023 2141 1179 2182 κατηγορία
1203 2142 1263 2174 τοῖς
1285 2141 1331 2170 τοῦ
1352 2136 1595 2176 συμὲουλευτικοῦ
1615 2145 1704 2176 κεφα-

994 2182 1080 2219 λαίοις
1101 2182 1360 2221 κατασκευάζεται·
1387 2181 1399 2210 ὁ
1421 2180 1449 2210 δὲ
1474 2178 1596 2220 Φορμίων
1619 2180 1706 2221 ῥήτωρ

992 2225 1032 2262 ἦν,
1046 2227 1096 2257 καὶ
1110 2226 1281 2265 κατηγόρησε
1303 2223 1350 2253 καὶ
1375 2220 1453 2257 οὗτος
1477 2224 1526 2252 τοῦ
1546 2222 1631 2262 νόμου
1655 2224 1706 2252 τοῦ

994 2268 1141 2306 Λεπτίνου,
1158 2269 1303 2308 συνηγορῶν
1325 2266 1370 2304 τῷ
1393 2264 1559 2306 Ἀφεψῖωνι,
1579 2265 1629 2304 vitii
1651 2271 1706 2295 Βα-

996 2311 1111 2347 elma-ou,
1138 2313 1188 2341 τοῦ
1213 2309 1506 2350 προκατηγορῆσαντος
1534 2309 1585 2338 τοῦ
1607 2308 1705 2346 νόμου,

995 2355 1044 2385 καὶ
1062 2354 1111 2396 πρό
1137 2355 1186 2384 τοῦ
1206 2353 1304 2386 τέλους
1331 2353 1383 2387 τῆς
1409 2349 1481 2386 δίκης
1508 2349 1706 2385 ἀποθανόντος.

996 2396 1174 2437 Κατηγὸξησε
1200 2396 1229 2427 δὲ
1254 2395 1302 2425 καὶ
1317 2393 1496 2430 Κτησίππος,
1512 2393 1565 2427 υἱός
1578 2391 1705 2433 Χαςρίου,

995 2437 1020 2477 οἷ
1032 2439 1168 2480 συνηγόρει
1185 2437 1371 2480 Δημοσθένης.
1413 2436 1447 2467 ‘H
1467 2436 1495 2467 δὲ
1511 2434 1625 2476 ζήτησίς
1640 2435 1705 2466 ἐστι

995 2484 1183 2524 πραγματικὴ
1199 2481 1346 2521 ἔγγραφος.
1392 2479 1425 2510 ‘0
1449 2479 1504 2519 μὲν
1515 2477 1556 2512 οὖν
1584 2478 1707 2518 Φορμίων

994 2528 1100 2566 πρῶτον
1111 2525 1155 2565 τῷ
1174 2523 1268 2564 δικαίῳ
1284 2523 1438 2564 ἐχρήσατο·
1454 2523 1466 2552 ὅ
1479 2521 1508 2552 δὲ
1519 2521 1705 2561 Δημοσθένης

994 2568 1039 2608 τῷ
1063 2571 1113 2602 τῆς
1146 2567 1238 2608 ἀξίας,
1267 2566 1332 2596 εἶτα
1360 2565 1404 2603 τᾷἱ
1434 2564 1524 2600 ιαλᾶἔ,
1554 2563 1618 2594 εἶτα
1646 2565 1705 2597 τοῖς

994 2611 1102 2646 λοιποῖς
1116 2621 1143 2640 κ.
1161 2622 1192 2640 τ.
1211 2616 1240 2640 λ.
1288 2611 1405 2639 Locum
1426 2609 1486 2637 huc
1502 2606 1704 2645 transscripsi

994 2658 1120 2693 propter
1132 2653 1194 2689 illa,
1209 2663 1275 2693 quae
1290 2652 1382 2681 habet
1397 2651 1436 2680 de
1451 2660 1562 2690 genere
1581 2649 1704 2680 Oratio·

993 2696 1039 2726 nis
1068 2699 1190 2726 nostrae.
1234 2695 1314 2726 Haeo
1340 2699 1441 2724 autem
1464 2703 1502 2723 eo
1536 2692 1703 2732 pertinent,

993 2740 1075 2778 quod
1091 2743 1210 2769 veteres
1234 2737 1371 2778 magistri
1389 2736 1524 2775 singulas
1539 2735 1704 2766 Orationes

992 2782 1024 2811 in
1039 2782 1162 2821 aliquod
1179 2782 1285 2810 horum
1306 2780 1397 2810 trium
1412 2788 1570 2818 generum,
1587 2777 1703 2808 delibe-

993 2824 1096 2860 rativi,
1117 2823 1275 2863 judicialis
1303 2827 1334 2853 et
1358 2821 1530 2862 epidiotioi,
1546 2821 1702 2852 includere

994 2867 1143 2897 solebant.
1188 2866 1287 2904 Quam
1298 2865 1330 2896 id
1345 2865 1525 2905 plerumque
1541 2869 1655 2894 temere
1671 2866 1703 2892 et

992 2919 1099 2949 parum
1116 2909 1233 2940 utiliter
1255 2909 1368 2939 factum
1395 2907 1448 2943 sit,
1462 2910 1592 2943 constat,
1609 2905 1702 2935 etiam

992 2964 1031 2983 ex
1047 2954 1104 2990 hoe¹
1120 2952 1199 2983 loco.
1244 2951 1329 2982 Nihil
1347 2961 1422 2991 crgo
1439 2951 1496 2981 ista
1520 2948 1648 2990 quaestio
1663 2948 1701 2978 ad

992 3006 1058 3027 nos.
