1928 3284
232 193 304 259 36

638 195 1268 241 ΔΗΜΟΣΘΕΝΟΎΣ

235 329 320 377 λιν,
343 336 437 366 ουσι
464 336 518 378 ’γε
544 311 832 374 τηλικούτοις,
857 307 997 370 ’ἦλικοο
1023 309 1180 368 vvv1n
1167 304 1446 395 ἓτξουγῳδει
1462 302 1539 356 καὶ
1562 301 1673 369 διεξ-

234 386 315 457 ᾔει,
347 397 447 445 ταῖς
472 384 519 438 ἐκ
559 410 641 437 των
677 384 811 454 νόμων
846 381 1074 458 τιμωρίαις
1099 381 1212 456 παρ’
1238 380 1360 432 αυτ-αξ
1385 375 1676 466 τοὶὧκημοιτοι

854 498 863 516 ¹
881 500 893 529 ’s
904 496 1000 526 Deest
1016 495 1055 525 δή.

297 590 474 631 Ἐτραγῴδει]
512 590 631 628 Obsop.
658 588 671 618 3
684 600 692 618 ι
702 598 713 617 ε
724 598 744 617 τ
754 600 767 627 g
777 599 795 616 οι
804 600 850 626 γω
843 586 872 616 ’δ
882 597 894 616 ε
904 598 911 615 ι
923 597 946 620 ς.

246 633 366 664 Ἧοιῑ.
412 632 521 663 Potius
543 633 568 672 §.
584 644 608 661 η.
636 631 667 661 ἰη
690 629 949 661 vocainim-1311

245 674 420 727 ἐτραγῴδεις.
443 675 515 704 'rm
522 684 596 704 Lon.

288 715 358 757 11:23²
373 717 448 747 αυτοὶ
460 716 663 756 τάδικήματα]
688 716 724 744 Id
741 719 798 751 est,
809 714 949 753 protinus

247 760 386 790 admissis
413 759 545 794 delictis,
567 759 607 788 de
630 768 690 797 quo
712 757 801 788 etiam
819 756 882 798 πρός
898 762 951 786 Λε-

246 800 351 833 πτίνην.
385 801 430 831 Er
443 802 514 831 edit
531 801 695 831 HERVAG.

290 843 447 884 Hafa-137¹&
467 846 505 873 τὰ
520 843 701 883 ἀδικημοιτα]
726 840 809 875 Εὗθυς
832 840 877 870 δ’τε
897 838 953 871 ἠδί-

245 897 304 916 κουν
315 886 369 925 ἐγὼ
378 887 484 916 ταῦτα.
508 886 706 915 Ferventibus
715 885 847 919 delictis,
858 888 888 913 et
901 884 953 912 ssa-

251 930 348 968 granti
364 929 499 963 crimine,
512 928 621 959 utJCti
634 928 807 966 loquuntur.
828 926 952 957 WOLr.

290 969 360 1011 Παῤ
368 971 402 1000 αι’)
408 973 443 1001 τὰ
456 972 495 1000 fr&
507 970 688 1010 ἀδικήματα]
700 969 872 999 Recentibus
883 968 954 998 deli-

249 1014 312 1043 ctis.
360 1014 405 1043 Eo
418 1024 469 1043 ore
483 1023 587 1042 ornnes
603 1013 666 1042 fere
678 1014 877 1051 Interpretes.
904 1011 955 1040 Ita

252 1056 359 1085 scribit
372 1056 526 1094 josephus
542 1056 646 1093 Antiq.
659 1055 732 1085 Jud.
749 1065 779 1092 p.
796 1056 870 1084 416.
897 1051 957 1104 Ἵνα

250 1098 319 1137 γνῷς
335 1096 378 1128 ὅτι
392 1096 567 1138 κερδαίνουσιν
589 1096 659 1127 οὐδὲν
674 1098 696 1127 οἱ
711 1108 802 1131 aanor,
816 1108 858 1135 μη
873 1094 957 1135 παρ’

252 1152 272 1170 α.
282 1141 296 1170 ὖ
306 1152 353 1170 τα
379 1152 400 1170 -τ
410 1141 428 1170 ἆ,
439 1140 453 1168 δ
463 1151 495 1169 ικ
506 1140 519 1169 τ’)
528 1152 555 1179 μ
565 1152 584 1168 α
594 1152 640 1169 τα
663 1137 863 1174 κολασθέντες,
886 1138 954 1167 scil.

250 1192 365 1221 poenam
387 1192 419 1211 esc
441 1183 604 1212 continente
626 1183 767 1220 adjectam
795 1182 902 1215 sceleri,
923 1179 956 1209 τὸ

252 1222 416 1264 ἀμύνασθαι
430 1224 471 1262 τῷ
487 1222 611 1254 παθεῖν’
602 1223 645 1253 ὅτι
660 1223 812 1262 ἐγγυτάτω
827 1220 956 1261 κείμενον,

254 1271 288 1296 ut
298 1266 399 1297 verbis
415 1256 481 1295 utar
490 1266 690 1304 Thucydidis,
701 1267 764 1296 ΙΙΙ.
774 1267 826 1296 38.
855 1264 915 1295 Sed
926 1269 957 1294 et

254 1309 343 1339 aliam
353 1308 445 1338 habet
461 1313 492 1338 et
507 1310 649 1347 majorem
663 1307 957 1348 Emphasinmempe

253 1361 373 1390 poenam
378 1352 470 1390 juxta
476 1350 611 1391 formam
623 1351 762 1385 criminis,
779 1355 811 1380 ut
822 1349 885 1380 dici
900 1360 956 1388 po—

252 1398 326 1429 test,
342 1394 525 1423 subeundam
537 1404 545 1431 ;
559 1392 644 1422 verbi
660 1393 769 1432 gratia,
784 1394 808 1422 si
821 1392 956 1430 Εἶσαγγε-

253 1435 319 1470 λίας
334 1435 400 1474 ἄξια
412 1436 589 1471 commiserit,
598 1440 631 1465 ut
642 1446 672 1465 v.
682 1438 697 1464 1
705 1457 712 1465 .
724 1446 755 1475 p.
766 1445 832 1474 seq.
846 1445 891 1464 eas
900 1443 958 1473 poe·

254 1488 308 1509 nas
318 1478 411 1514 daret,
420 1489 482 1518 qnae
495 1477 556 1518 lege
570 1478 619 1507 isti
633 1478 724 1517 culpae
738 1475 919 1518 affiguntur:
935 1477 960 1506 si

256 1522 415 1562 παράνομα
429 1519 566 1560 γέγξαφε,
583 1531 612 1550 v.
628 1522 658 1551 3.
673 1530 719 1551 eas
742 1531 804 1560 quoe
823 1525 959 1558 compete-

257 1564 329 1593 bant
343 1563 492 1604 παράνομα
507 1563 779 1603 γςάφοντι,ἀειιίᾳιιε
788 1562 960 1603 (continua-

256 1610 306 1636 tur
321 1606 399 1636 enim
412 1609 621 1645 argumentum
636 1615 664 1635 v.
675 1608 703 1637 3.
716 1615 746 1643 p.
757 1607 809 1636 38.
825 1605 888 1634 sine
905 1605 960 1634 im-

256 1648 475 1688 portunissimo
496 1647 557 1678 isto
572 1652 730 1684 commate,
746 1648 827 1686 quod
842 1657 872 1677 v.
887 1649 915 1677 1.
930 1651 962 1676 et

255 1693 287 1722 2.
303 1689 507 1731 inveteravit)
521 1691 719 1730 cujuscunque
733 1691 848 1720 demum
862 1691 961 1720 crimi-

256 1735 303 1764 nis
314 1739 502 1774 argueretur,
517 1738 601 1763 erant
617 1733 699 1773 leges,
713 1738 796 1762 erant
811 1733 962 1772 supplicia,

256 1786 319 1816 quae
332 1777 364 1806 in
378 1785 609 1815 unumquemque
615 1775 817 1815 facinorosum
834 1775 962 1815 peculia-

257 1820 332 1848 riter
352 1820 496 1848 statuisset
511 1818 662 1858 Majorum
686 1818 864 1858 Diligentia.
907 1819 964 1848 Ju-

257 1860 465 1900 risprndentia
479 1861 560 1890 enim
584 1860 687 1890 Attica
702 1865 841 1890 accurate
855 1859 964 1890 distin-

258 1904 318 1939 xit,
342 1913 403 1942 quo
423 1903 536 1938 animo,
557 1913 618 1941 quo
643 1903 742 1942 gradu
763 1903 916 1939 maleficii,
934 1906 966 1933 et

257 1950 369 1985 quanto
391 1955 461 1975 cum
483 1946 592 1975 damno
615 1945 706 1985 Reip.
724 1946 966 1975 committeretur

258 1988 494 2027 unumquodque
518 1987 654 2017 facinus:
683 1992 714 2018 et
733 1989 838 2018 eadem
854 1988 966 2027 pariter

260 2031 321 2061 fide
335 2038 366 2060 et
381 2029 540 2069 diligentia
553 2030 712 2060 trutinavit
728 2031 879 2069 supplicia
892 2039 966 2069 quo-

261 2083 331 2111 que.
375 2073 437 2110 Qui
452 2073 576 2101 Graecos
591 2073 759 2111 scriptores
770 2072 887 2102 evolvit
901 2073 966 2102 sine

263 2125 300 2145 eo
316 2115 430 2144 monito
444 2118 474 2144 et
489 2114 623 2151 delectu,
638 2115 732 2144 multa
745 2114 856 2153 frigide
873 2115 967 2153 leget,

262 2167 330 2196 quae
345 2157 391 2187 illi
407 2156 601 2186 exactissime
625 2157 824 2196 scripserunt.
868 2158 969 2194 Atque

261 2203 384 2238 arrepta.
406 2209 442 2228 ea
464 2199 701 2238 opportunitate,
724 2209 843 2229 sumere
864 2199 968 2235 liceat,

259 2242 287 2282 §.
299 2241 344 2272 03¹.
360 2242 449 2280 hujus
461 2242 630 2277 Orationis,
646 2242 709 2276 ubi,
725 2253 791 2280 quae
808 2252 877 2271 cum
889 2252 968 2272 sum-

263 2295 313 2314 ma
328 2284 515 2323 proprietate
534 2285 657 2323 scripsit
671 2284 904 2320 Demosthenes,
919 2283 969 2314 vel

262 2326 433 2363 levissime,
449 2331 482 2356 ut
497 2327 576 2362 dixi,
590 2327 700 2356 feriunt
714 2327 872 2362 lectorem,
898 2325 970 2357 Fori

264 2369 361 2399 Attici
376 2369 541 2408 hospitem,
556 2380 656 2399 rerum
671 2369 797 2399 istarum
809 2369 970 2408 indiligen-

265 2417 339 2447 tem,
355 2416 386 2441 et
401 2412 430 2441 in
447 2422 484 2441 eo
499 2411 572 2442 Jure
587 2411 687 2441 minus
701 2411 913 2442 exercitatum.

308 2453 350 2484 Ἐν
373 2451 410 2489 οἷς
434 2453 670 2494 εἰσηγγελλόμην,
689 2453 734 2484 δ’τε
750 2452 971 2494 ἀπεψηφίζεσθέ

350 2508 418 2548 5403,
435 2496 483 2527 καὶ
505 2496 538 2526 τὸ
551 2496 695 2536 πέμπτον
708 2496 791 2537 μέρος
804 2499 858 2526 τῶν
873 2497 972 2536 ψήφων

350 2551 410 2573 τοις
425 2538 563 2569 damnove-tv
577 2551 605 2568 ου
621 2538 796 2578 μετεδίδοτε,
816 2537 880 2569 τότ’
901 2538 972 2578 ixian-

351 2580 466 2621 φίζεσθε
480 2583 520 2611 τὰ
533 2581 639 2632 ἄξια-τα
653 2591 693 2622 με
714 2583 859 2621 πράττειν.

313 2625 359 2654 Ea
368 2628 433 2654 erat
447 2621 635 2663 Εἶσαγγελίας
644 2624 788 2654 conditio
801 2628 832 2654 et
845 2625 974 2655 Natura.

269 2666 370 2705 Atque
386 2667 422 2696 ad
440 2667 530 2696 istum
547 2667 638 2697 ritum
660 2667 815 2706 pertinent
840 2667 975 2698 solennia

269 2708 340 2742 ista,
376 2707 565 2762 ἐψηφίζεσθε
573 2728 616 2734 -—-
637 2707 856 2750 ἀπεψηφίζεσθε
878 2727 921 2733 —-
941 2709 975 2739 τὸ

271 2749 407 2789 πέμπτον
420 2750 503 2791 μέρος
525 2753 579 2784 τῶν
600 2751 708 2792 ψηφων.
751 2752 895 2791 Sequitur
907 2753 974 2783 Cri-

271 2792 362 2822 minis
377 2797 407 2821 et
421 2795 588 2825 Processus
604 2794 730 2834 Species
743 2795 858 2825 altera:

313 2833 356 2864 Ἐν
371 2846 406 2868 οις
419 2835 446 2865 δὲ
459 2837 512 2869 τὰς
525 2839 635 2877 γραφὰς
648 2836 801 2877 ἀπέφυγον,
813 2837 917 2878 ἔννομον
927 2849 973 2867 και

356 2877 469 2917 γράφειν
477 2889 525 2907 και
539 2879 628 2917 λέγειν
641 2880 858 2920 ἀπεδεικνύμην.

313 2919 398 2948 Ecce
420 2923 454 2948 ut
475 2920 576 2951 stilum
602 2923 717 2952 vertat?
747 2925 861 2963 γραφὰς
870 2922 976 2963 φεύγειν

273 2978 315 2984 -
331 2961 496 3001 ἀποφεύγειν
510 2981 551 2986 —
566 2964 808 2995 ἀποδεικνυσθαι”
796 2976 892 3005 εννομα
907 2965 975 3006 ygni-

981 595 1050 635 φειν.
1106 587 1184 623 Quae
1209 597 1267 616 non
1293 591 1407 617 temere
1434 591 1486 616 ant
1515 584 1684 615 inconsulto

984 629 1147 660 variantur.
1192 629 1354 667 Sequitur.

1025 671 1066 702 Ἐν
1081 675 1116 705 οἷς
1132 670 1159 701 δὲ
1174 683 1228 706 τας
1243 671 1356 706 ευθύνας
1380 668 1619 708 ἐπεσημαίνεσθε,
1647 670 1686 697 δι-

1067 725 1151 747 καιως
1165 714 1212 743 και
1228 712 1430 753 ἀδωροδοκητως
1457 713 1552 742 πάντα
1579 722 1687 750 πεπρα-

1067 754 1142 796 χθαί
1154 768 1204 795 μοι
1219 756 1482 795 προσωμολογεῖτε.

1029 799 1104 828 Erat
1120 804 1150 828 et
1164 799 1228 828 haec
1251 800 1388 836 quaeclam
1415 797 1502 836 quasi
1528 796 1688 826 Accusati-

986 841 1053 870 onis
1079 841 1217 879 Species,
1241 841 1296 869 sed
1320 841 1351 870 in
1378 850 1411 869 se
1441 839 1559 878 recepit
1580 837 1690 868 calculi

986 883 1135 921 quandam
1160 883 1320 919 rationem,
1345 892 1457 920 eosque
1480 881 1569 916 ritus,
1592 881 1643 918 qui
1659 880 1690 908 in

988 927 1161 962 scrutando,
1176 926 1383 965 ponderando,
1404 924 1586 963 inquirendo
1602 927 1690 961 atque

988 969 1191 1007 computando
1219 968 1282 997 fere
1313 968 1542 998 exercebantur.
1602 965 1694 994 Dixit

988 1021 1062 1050 ergo
1077 1009 1330 1050 ἔπισημαίνεσθαιῑ
1358 1010 1438 1049 quod
1456 1010 1494 1038 de
1513 1007 1693 1038 Rationibus

988 1054 1196 1083 subscribendis
1225 1058 1315 1091 atque
1348 1052 1532 1092 obsignandis
1569 1051 1692 1080 dicitur.

988 1097 1165 1135 Iterumque
1208 1096 1288 1125 dixit
1327 1095 1571 1135 πξοσωμολογεῖτε
1585 1104 1592 1123 :
1626 1102 1693 1131 quae

989 1139 1105 1177 pariter
1117 1139 1185 1168 Vox
1203 1138 1367 1167 solenniter
1390 1142 1420 1167 et
1443 1137 1529 1176 quasi
1544 1136 1694 1166 ritualiter

989 1181 1161 1217 adhibetur,
1176 1191 1244 1210 cum
1267 1179 1434 1210 rationibus
1459 1179 1552 1218 probe
1580 1179 1695 1208 subdu-

991 1223 1062 1258 ctis,
1087 1233 1343 1258 rnnrcvrnn,
1371 1227 1423 1252 aut
1452 1231 1650 1251 ACCURAT
1666 1231 1695 1255 Ε,

991 1264 1232 1304 pronunciatum.
1264 1264 1371 1294 AEsch.
1388 1275 1414 1293 c.
1425 1263 1562 1302 Ctesiph.
1579 1266 1653 1293 447.
1667 1266 1696 1292 1.

991 1308 1039 1338 ed.
1052 1308 1092 1336 R.
1106 1318 1139 1359 p.
1152 1309 1224 1338 387.
1243 1308 1290 1337 ed.
1301 1308 1339 1337 T.
1385 1304 1466 1335 Ἀλλ’
1476 1304 1550 1344 ὅμως
1561 1304 1696 1336 ἐπειδὰν
1684 1317 1696 1335 ο

1535 1349 1542 1358 ,
1577 1348 1585 1358 κ
1624 1349 1631 1358 .
1669 1350 1683 1356 ..

991 1391 1069 1422 ἐστὶν
1081 1390 1151 1421 οὕτω
1160 1391 1290 1425 δύσκολος
1278 1393 1347 1422 τὴν
1360 1391 1453 1430 φύσιν,
1466 1390 1544 1424 ὅστις
1555 1391 1602 1420 οὐκ
1612 1390 1698 1429 εἶπές·

991 1445 1079 1476 χξτᾶιί
1090 1432 1164 1463 ‘Touo
1177 1433 1423 1473 Ομῦλθγησας,
1438 1433 1486 1462 mxl
1505 1444 1590 1463 E71'WE'
1590 1444 1649 1467 ’σας
1665 1434 1699 1462 ἀ·

992 1475 1111 1510 ληθὲς
1083 1488 1105 1506 ε
1109 1488 1160 1512 ναι,
1173 1475 1196 1512 δ’,
1208 1488 1238 1507 τι
1253 1488 1285 1506 αν
1299 1488 1382 1509 αυτος
1397 1476 1409 1505 ὅ
1425 1475 1562 1514 λογισμὸς
1573 1476 1650 1515 (vel,
1667 1481 1700 1505 ut

994 1523 1129 1549 vertente
1156 1519 1266 1558 pagina
1292 1519 1426 1557 scripsit,
1449 1519 1460 1547 ὁ
1489 1520 1538 1552 τῆς
1571 1516 1700 1552 αληΘείας

993 1560 1150 1602 λογισμὸς)
1176 1561 1247 1603 αἱρῇ.
1293 1564 1337 1591 An
1364 1571 1400 1591 eo
1424 1561 1492 1590 dico
1509 1571 1574 1600 quae
1592 1561 1700 1590 lectori

994 1604 1118 1645 probari
1140 1604 1290 1643 possunt?
1318 1604 1460 1634 Nondum
1477 1608 1574 1633 tamen
1589 1603 1699 1638 omnia,

996 1657 1064 1686 qnae
1088 1647 1194 1676 videor
1220 1646 1468 1684 deprehendisse.
1529 1647 1606 1675 Nam
1631 1656 1700 1675 curn

995 1689 1108 1720 ibidem
1125 1690 1281 1719 concludit
1293 1690 1524 1723 Demosthenes,
1541 1692 1571 1718 et
1587 1699 1648 1718 rem
1663 1690 1701 1718 ad

997 1732 1145 1771 quandam
1161 1732 1246 1770 quasi
1262 1730 1502 1771 ἀνακεφαλαίωσιν
1517 1732 1647 1766 reducit,
1659 1731 1703 1760 ibi

997 1775 1396 1813 distinctionis,proprietatis
1410 1779 1440 1803 et
1455 1775 1563 1804 decoris
1577 1784 1703 1809 memor,

998 1821 1140 1847 accurate
1155 1817 1329 1856 subjungit:

1033 1858 1071 1890 Τι’
1080 1870 1220 1900 προσηκον
1231 1860 1360 1892 ἡν-τοῖς
1376 1857 1432 1888 ὑπ’
1441 1857 1510 1897 ἐμοῦ
1524 1856 1703 1898 vtem-gamai-

1063 1913 1133 1935 -νοις
1147 1900 1252 1932 θέο-θαι
1265 1901 1309 1931 τὸν
1320 1903 1510 1938 Κτησιφῶντα
1531 1899 1634 1939 ὅνομα;
1650 1901 1705 1942 οὐχ

1085 1956 1096 1973 ο
1110 1943 1156 1975 τὶν
1171 1944 1210 1973 δ
1195 1957 1208 1975 η
1218 1957 1244 1983 μ
1254 1957 1266 1975 ο
1275 1956 1287 1974 ν
1301 1944 1369 1983 εώξοι
1380 1942 1538 1983 τιθέμενον5
1549 1944 1603 1983 οὐχ
1617 1955 1628 1972 ο
1643 1955 1707 1978 ’τους

1085 1985 1275 2026 ὀμωμοκότας
1300 1986 1520 2019 δικαστάς·
1514 2008 1521 2022 ,
1548 1997 1603 2027 ουχ
1622 1997 1634 2014 ο
1657 1988 1706 2017 τῆν

1086 2029 1104 2057 ἀ
1114 2035 1131 2057 λ
1141 2029 1154 2059 ίι
1164 2027 1179 2057 θ
1189 2038 1200 2057 ε
1210 2041 1217 2057 ι
1227 2043 1246 2059 α
1255 2040 1267 2059 ν
1288 2031 1365 2068 ποις-α
1384 2029 1458 2058 orio-t
1474 2027 1662 2064 Βεβαιοῦο-αν;

1003 2071 1071 2100 Non
1082 2075 1130 2100 est
1142 2071 1261 2109 utiquet
1269 2081 1368 2101 emere
1376 2071 1500 2106 factum,
1508 2071 1587 2109 quod
1596 2071 1634 2100 ad
1642 2071 1707 2100 Εἰσ-

1002 2111 1147 2152 αγγελίαν,
1163 2113 1208 2144 ’τᾶν
1225 2113 1346 2153 δῆμον,
1368 2114 1406 2143 ad
1420 2115 1539 2154 γραφὰς,
1555 2111 1599 2142 τᾶν
1614 2114 1706 2143 δικα-

1002 2158 1102 2191 στὴν,
1118 2156 1156 2185 ad
1173 2156 1296 2191 Εὐθύνας
1308 2156 1441 2195 denique
1456 2157 1504 2186 τῆν
1524 2156 1543 2184 ἀ
1552 2156 1592 2186 λή
1604 2154 1618 2184 θ
1629 2166 1640 2185 ε
1649 2168 1657 2185 ι
1667 2168 1686 2185 α
1695 2168 1708 2185 ν

1003 2198 1254 2229 accommodaret.
1304 2200 1353 2229 Ita
1368 2209 1435 2228 cum
1452 2197 1578 2237 scripsit
1593 2200 1707 2228 Demo·

1004 2240 1127 2270 sthenes
1143 2241 1168 2281 §
1181 2241 1226 2270 λή.
1242 2240 1385 2279 Ἐξὲλιπες
1400 2240 1425 2270 ἐν
1441 2241 1507 2274 ταῖς
1522 2239 1656 2271 εὐθύνοι
1665 2252 1674 2270 ι
1685 2253 1710 2277 ς,

1004 2281 1030 2312 ἒν
1042 2283 1110 2317 ταῖς
1124 2294 1160 2323 γρ
1170 2294 1189 2311 οι
1198 2284 1297 2322 φαΐς,
1308 2283 1333 2313 ἒν
1348 2284 1413 2317 ταῖς
1427 2282 1531 2316 ἄλλαις
1548 2294 1566 2312 κ
1575 2282 1650 2322 pies
1660 2294 1708 2317 σι,

1004 2325 1081 2354 bene
1092 2325 1248 2364 subjungit
1259 2326 1420 2364 Ulpianus,
1430 2335 1474 2354 sc.
1491 2335 1503 2354 ε
1512 2324 1526 2354 ὖ
1535 2323 1550 2354 Θ
1561 2325 1615 2356 ύνη
1631 2324 1709 2356 ἐστὶν

1003 2364 1038 2397 οἷν
1050 2367 1172 2408 δημοσία
1187 2379 1232 2402 τις
1249 2367 1430 2420 {wicred-{br
1447 2369 1571 2407 γςαφῆ
1593 2366 1642 2398 ἐπὶ
1653 2371 1710 2397 τῶν

1004 2409 1180 2450 παρανόμων·
1195 2409 1324 2451 κρίσις
1338 2410 1366 2441 δὲ
1382 2409 1429 2441 ἔπι
1445 2409 1636 2449 ἐγκλήματος.
1662 2411 1710 2440 Ita

1006 2453 1151 2492 scriptum
1167 2458 1216 2483 est
1229 2464 1256 2483 c.
1271 2454 1453 2492 Stephanum
1467 2453 1514 2482 II.
1558 2454 1711 2503 Maga-ugente

1005 2497 1058 2536 γᾶς
1072 2507 1091 2524 01
1105 2507 1180 2536 νομοί
1193 2496 1239 2526 Ουκ
1247 2494 1415 2526 Εῶσίνῶὖτῦν
1425 2492 1514 2534 αὑτᾷ),
1523 2505 1572 2524 ουτ
1588 2494 1636 2525 271'6
1646 2497 1712 2546 ’Τῗῖς

1005 2539 1186 2578 γραφαῖς,
1210 2537 1268 2569 οὔτ’
1289 2537 1343 2568 ἐπὶ
1365 2549 1432 2572 ταις
1453 2535 1590 2572 δικαις,
1613 2535 1671 2567 οὔτ’
1685 2536 1712 2567 ἐν

1005 2581 1072 2616 ταῖς
1087 2579 1168 2611 εὖθ’
1154 2592 1263 2616 υνοιις.
1284 2581 1370 2610 Idem
1382 2586 1481 2611 tamen
1496 2580 1522 2620 §.
1529 2578 1574 2609 σθ’.
1584 2579 1711 2618 hujusce

1007 2622 1165 2654 Orationis
1175 2623 1317 2653 distinxit
1325 2623 1454 2662 propius
1463 2622 1499 2652 ad
1512 2632 1558 2658 ea,
1565 2631 1633 2661 quae
1642 2632 1712 2662 pro-

1007 2665 1145 2701 ferimus,
1159 2667 1226 2696 scil.
1237 2665 1288 2695 Καὶ
1304 2667 1453 2717 ygoessnkq,
1467 2663 1623 2700 εὐθύνας,
1637 2664 1710 2695 εἰσ-

1007 2720 1026 2737 α
1036 2721 1084 2748 γγ
1093 2719 1104 2738 ε
1113 2707 1151 2739 λι’
1160 2721 1178 2738 α
1189 2720 1212 2745 ς,
1231 2709 1328 2739 πάντα
1349 2709 1446 2738 ταῦτα
1470 2705 1628 2745 ἐπαγόντων
1649 2718 1711 2746 μοι.

1009 2751 1070 2781 Sed
1087 2751 1151 2781 haec
1167 2762 1184 2782 a
1198 2762 1247 2781 me
1263 2755 1333 2781 sunt
1347 2751 1406 2780 alio
1421 2751 1488 2781 loco
1500 2749 1712 2790 expendenda.

1050 2795 1151 2832 Atque
1174 2794 1224 2824 isti
1245 2793 1325 2829 usui,
1349 2803 1439 2832 quem
1459 2791 1538 2828 dixi,
1554 2792 1712 2822 commode

1007 2835 1138 2867 inservit
1147 2835 1325 2876 Praepositio
1335 2835 1440 2876 ποιςίι.
1466 2835 1543 2871 Quae
1556 2845 1712 2874 compara-

1007 2879 1120 2909 tionem
1140 2879 1288 2917 quandam
1298 2878 1581 2920 (juxta-positionem
1599 2882 1711 2907 vocant

1007 2921 1159 2962 technice)
1171 2925 1367 2962 repraesentat
1380 2932 1386 2950 :
1405 2926 1494 2959 atque
1506 2924 1608 2950 monet
1622 2920 1713 2950 ratio-

1008 2974 1076 2995 nem
1090 2974 1157 2995 esse
1168 2964 1334 2995 institutam
1349 2964 1426 2994 inter
1442 2973 1561 3001 poenam
1577 2968 1607 2993 et
1620 2962 1714 2994 male-
