1928 3284
233 210 354 275 490
614 211 1295 256 ΔΗΜΟΣΘΕΝΟΥΣ

251 325 487 396 στήσομεν·
519 323 611 377 ουδ’
633 327 653 376 ὅ
680 336 897 384 πλεῖστος
923 349 1072 394 εμοιγε
1093 324 1226 392 λόγος
1251 349 1357 419 περι
1384 349 1460 387 της
1479 323 1694 383 οἷτελειάς

253 401 393 462 ἐστιν,
429 399 537 451 οἷλλ
571 399 676 489 ὅπερ
706 424 780 452 του
816 398 879 470 μὴ
889 422 1080 488 πονηξον
1114 398 1203 459 ’ἔθος
1234 425 1310 452 τον
1346 398 1467 471 νόμον
1489 397 1692 466 εἶςοίγειν,

252 498 331 525 και
361 497 571 537 τοιουτου,
600 473 651 526 δι
685 498 727 526 ου
756 472 899 526 vtoe‘vff
905 514 920 537 ,
945 470 1079 525 ὅσα
1060 497 1079 524 ο
1108 477 1259 545 Δῆμος
1279 471 1528 537 ὃῖδωσιν,α
1495 496 1695 526 απιστα

255 571 403 600 εστ-αι.

321 621 421 714 κζ’.
443 621 531 676 xOu
559 645 695 673 τοινυν
729 645 1090 713 κακουργοτατον
1121 620 1281 674 οἴονται
1320 624 1451 690 λόγον
1480 620 1694 690 ευρηκέναι

251 720 356 782 προς
390 721 440 747 το
476 720 562 753 τας
597 696 809 754 οἷτελειας
842 719 961 766 υμας
1003 695 1260 759 οἷφελέσθαι
1298 707 1483 758 πεῖσαι,
1518 692 1694 756 βελτιόν

251 794 348 821 εστι
379 780 614 837 προειπεῖν,
651 768 723 822 ἵνα
756 795 819 839 μη
853 767 1030 830 λαὲὶητε
1066 768 1461 835 ἐξαπατηθέντες.
1522 768 1695 836 ’Epona-c

251 868 360 918 «γαρ,
386 843 452 894 ’ότι
480 844 659 895 rou&²
645 867 757 933 ιεζιων
785 866 905 896 εστιν
930 841 1134 895 ἅπαντα
1160 842 1226 895 τοὶ
1249 843 1559 913 ἀναλώματα,
1587 840 1698 912 1[αἶ

247 917 479 1007 χορηγίαι,
507 942 585 969 και
613 918 661 969 αἶ
688 917 1067 1007 γυμνασιαρχίαι·
1074 921 1093 981 ]
1121 915 1248 970 Samon
1275 918 1364 981 οὐν,
1395 941 1429 969 ει
1468 941 1553 969 των
1584 915 1698 1008 ἶεξων

248 990 413 1054 ατελῆς
453 1017 520 1051 τις
563 991 862 1056 οἱφεθῆσεται.

250 1067 402 1137 Δημος
429 1064 598 1129 ἔδωκεν,
765 1077 785 1084 “
824 1065 842 1093 ²
874 1063 899 1084 '³⁴

421 1190 430 1209 ¹
448 1190 570 1219 Absuut
586 1189 667 1219 unci.
684 1189 719 1219 T.
733 1190 771 1219 R.

246 1281 339 1312 etiam
368 1283 511 1312 Dawesio
539 1283 673 1312 Miscell.
705 1281 773 1312 crit.
804 1292 836 1321 p.
869 1284 954 1318 104„

246 1335 337 1363 quem
369 1326 472 1355 locum
504 1325 603 1355 acrius
639 1330 787 1355 excutere
824 1326 956 1355 debebat

247 1368 418 1407 Borghess.
463 1369 533 1398 Non
554 1369 632 1398 enim
653 1368 783 1399 Homeri
805 1368 956 1407 exemplis

246 1410 304 1440 hac
324 1411 354 1440 in
378 1422 410 1440 re
432 1412 561 1441 multum
578 1411 745 1447 conficitur,
767 1410 882 1450 quippe
905 1411 957 1450 qui

247 1458 340 1492 poeta
355 1464 390 1483 ex
406 1454 524 1484 ratione
546 1454 662 1493 antiqui
685 1454 833 1484 sermonis
853 1454 957 1484 brevi-

249 1496 307 1525 bus
330 1498 491 1527 vocalibus
515 1507 572 1535 pro
587 1497 687 1536 longis
708 1497 754 1526 uti
773 1497 883 1531 soleat,
898 1507 956 1535 qua

249 1539 463 1570 observatione
483 1545 603 1569 utemur
625 1540 786 1578 aliquando
810 1540 902 1569 etiam
926 1539 957 1568 in

251 1582 318 1611 aliis
342 1584 442 1612 rebus.
476 1583 539 1611 Sed
566 1587 634 1612 sunt
655 1582 686 1611 iu
703 1582 813 1612 Atticis
837 1592 956 1620 quoque

251 1626 393 1664 exempla
420 1625 578 1664 particulae
610 1625 641 1654 ἂν
672 1635 741 1654 cum
771 1625 873 1654 futuro
902 1624 956 1654 illo

246 1668 372 1705 junctae,
388 1673 476 1706 atque
493 1672 580 1697 erunt
596 1668 694 1706 plura,
711 1677 770 1706 quo
785 1667 957 1696 correctius

248 1710 282 1738 id
299 1720 395 1749 genus
417 1710 598 1748 scriptorum
614 1710 729 1739 editum
749 1710 816 1739 erit.
857 1711 957 1739 Docte

251 1751 349 1790 igitur
361 1752 533 1782 Brunckius
547 1752 623 1781 fecit
635 1753 664 1782 in
676 1752 833 1791 Aristoph.
854 1753 957 1782 Nubb.

252 1797 327 1826 465.
349 1802 381 1824 et
396 1798 490 1826 1157.
527 1796 594 1825 Nec
614 1797 764 1834 juncturae
790 1795 859 1825 huic
879 1796 958 1825 ratio

254 1837 451 1876 grammatica
472 1839 584 1872 obstat,
605 1849 697 1877 quum
717 1838 837 1867 omniuo
852 1848 961 1877 magna

251 1881 336 1911 illius
354 1881 447 1911 futuri
462 1887 493 1910 et
509 1881 592 1910 modi
615 1880 803 1919 subjunctivi
826 1881 867 1910 sit
889 1892 962 1920 cog-

253 1924 348 1953 natio.
395 1924 482 1953 Conf.
497 1924 616 1953 Theod.
633 1925 744 1953 Gazam
765 1924 822 1953 IV.
838 1934 870 1962 p.
889 1926 960 1954 128.

253 1972 283 1996 et
301 1968 373 1997 175.
390 1966 488 1996 Basil.
506 1966 579 1995 edit.
610 1967 650 1995 At
666 1967 747 2002 talia,
763 1972 911 2004 optarem,
927 1972 963 1996 ut

256 2010 392 2039 faverent
414 2010 464 2044 iis,
487 2019 554 2048 quae
575 2009 595 2038 l.
613 2019 639 2038 e.
663 2009 830 2047 adscripsit
853 2010 963 2038 Dawe-

256 2053 320 2082 sius
336 2053 375 2082 de
394 2053 528 2093 perfectu,
542 2051 671 2081 *voculam
688 2051 720 2081 ἂν
741 2063 800 2081 non
821 2062 889 2081 raro
908 2052 963 2081 ad-

252 2096 396 2125 sciscente.
438 2096 516 2124 Nam
533 2094 591 2123 hoc
607 2094 728 2133 quidem
745 2094 834 2133 plane
850 2105 963 2124 novum

256 2143 314 2172 est,
326 2144 357 2168 et
371 2148 430 2166 non
447 2138 543 2167 solum
557 2137 594 2166 ab
605 2137 789 2176 optimorum
805 2143 962 2167 auctorum

255 2191 311 2209 usu
336 2181 516 2214 abhorrens,
541 2180 595 2209 sed
625 2179 740 2208 diserte
763 2190 886 2218 quoque
909 2180 962 2209 da-

256 2227 391 2252 mnatum
404 2233 421 2252 a
430 2222 554 2252 summis
564 2221 787 2256 Grammaticis,
797 2222 962 2262 Apollonio

258 2266 356 2304 Dysc.
379 2266 443 2294 111.
464 2275 497 2305 p.
513 2267 586 2295 ⁰205.
612 2270 643 2294 et
666 2265 746 2293 Gaza
770 2264 789 2294 Ι.
805 2275 832 2294 c.
856 2264 961 2303 Quid?

258 2309 339 2347 quod
358 2308 435 2337 illud
458 2307 679 2337 dubitationem
703 2307 804 2343 habet,
820 2317 857 2337 an
879 2313 963 2337 recte

256 2352 318 2387 fiat,
334 2351 415 2389 quod
431 2360 447 2379 a
463 2351 582 2379 duobus
593 2349 747 2388 praeclaris
760 2350 837 2379 viris
852 2349 883 2379 ἂν
895 2360 963 2379 cum

257 2393 402 2433 praesenti
423 2392 582 2422 indicativi
606 2403 702 2431 nuper
726 2393 835 2422 sociari
859 2393 964 2431 coepit‚

259 2442 349 2476 atque
380 2437 458 2466 adeo
490 2436 529 2465 de
557 2445 639 2465 mera
670 2436 854 2473 conjectura.
893 2437 964 2465 vid.

258 2479 359 2518 Toup.
389 2478 538 2508 Emendd.
568 2477 598 2506 in
621 2478 744 2507 Suidam
773 2488 803 2516 p.
831 2480 905 2509 306.
934 2485 965 2508 et

259 2522 398 2552 Brunck.
415 2522 452 2551 ad
472 2520 630 2560 Aristopb.
646 2521 729 2550 Plut.
745 2521 818 2550 885.
835 2526 865 2550 et
881 2521 962 2550 alibi.

259 2567 320 2595 Sed
349 2564 503 2602 amplioris
528 2564 587 2593 hoc
610 2569 656 2593 est
678 2562 841 2602 indaginis.
884 2564 965 2593 llluc

258 2618 338 2638 nunc
360 2612 509 2642 revertor,
533 2606 587 2635 ubi
611 2606 682 2636 dedi
710 2605 964 2645 ἀντευποιίισ-ωμεν.

258 2651 298 2680 Id
312 2650 383 2684 feci,
399 2650 509 2688 partim
525 2650 596 2687 quia
611 2649 799 2687 praeteritum
815 2649 965 2678 sententia

258 2693 385 2732 flagitat,
399 2692 508 2730 partim
522 2701 562 2721 ex
578 2692 734 2721 meliorum
750 2691 896 2721 librorum
913 2701 964 2720 au-

259 2736 412 2766 ctoritate.
436 2735 473 2764 F.
490 2735 528 2763 A.
541 2735 660 2764 XVozr.

302 2777 354 2818 κζ’.
388 2778 420 2806 Αἱ
447 2775 575 2817 χορηγίαι
598 2777 645 2805 καὶ
669 2777 697 2806 αἱ
721 2772 962 2816 γυμνασιαςχίαι]

258 2819 382 2851 Nemini
398 2825 467 2849 ante
492 2819 652 2848 Reisltium
669 2819 717 2848 hic
732 2820 818 2848 locus
835 2829 964 2857 scrupu-

259 2864 322 2894 lum
336 2862 450 2901 iujecit.
482 2862 540 2891 Ille
556 2862 672 2900 primus
691 2863 766 2891 bene
783 2861 964 2900 suspicatur,

258 2912 331 2944 post
356 2916 461 2934 vocem
488 2902 712 2945 γυμνασιαρχίαι
726 2905 834 2933 deesse
863 2903 909 2932 καὶ
934 2905 963 2934 αἱ

259 2947 445 2988 ἑστιατοςίαι,
471 2952 521 2976 aut
536 2947 693 2985 quidpiam
717 2947 825 2976 simile.
870 2948 964 2982 Bene,

257 2989 397 3029 inquam:
423 2990 513 3020 modu
526 2990 639 3029 aliquid
663 2989 761 3020 simile
784 2988 961 3028 reperiatur.

926 991 1048 1060 E‘yw
1088 990 1148 1055 δε,
1189 1017 1240 1044 το
1287 1017 1363 1063 μεν
1407 1015 1546 1054 τινας,
1585 1014 1644 1049 οις
1677 1014 1698 1041 o

625 1081 800 1126 ατελεις
854 1071 958 1119 εἶναι
986 1065 1169 1129 τούτων,

1192 1064 1394 1118 δίεκαιῢν
1370 1083 1580 1136 η’γΟυμαί
1605 1089 1626 1116 0
1655 1060 1697 1115 δέ

1158 1189 1170 1208 ²
1182 1188 1260 1227 εἶναι,
1277 1191 1361 1220 ‘roza-o
1376 1189 1475 1219 δίκαιον
1490 1189 1527 1218 T.

993 1284 1072 1313 Nam
1087 1282 1188 1323 ipsum
1203 1283 1273 1319 hoc,
1289 1280 1465 1322 ἑστιατοξία,
1485 1281 1616 1312 nondum
1633 1290 1700 1310 cre-

991 1327 1032 1356 do
1049 1332 1100 1356 aut
1121 1327 1339 1356 Demosthenis
1356 1326 1465 1361 fuisse,
1484 1330 1536 1354 aut
1551 1323 1628 1354 alius
1642 1324 1698 1353 At-

992 1369 1046 1398 tici
1063 1371 1251 1408 cujusquam.
1296 1369 1358 1398 Sed
1377 1379 1447 1398 sane
1469 1368 1529 1397 tale
1545 1367 1617 1406 quid
1632 1366 1662 1396 h.
1677 1366 1699 1396 l.

991 1417 1199 1450 exspectatur.
1256 1413 1337 1441 Nam
1366 1421 1458 1450 quum
1489 1411 1550 1440 duo
1590 1418 1702 1448 genera

991 1465 1148 1484 munerum
1165 1455 1267 1493 posita
1283 1455 1355 1490 sint,
1371 1454 1423 1492 qui
1439 1453 1560 1483 tandem
1576 1452 1701 1481 tertium

990 1507 1100 1536 genus,
1113 1508 1168 1527 nec
1181 1497 1257 1527 illud
1281 1497 1382 1527 minus
1405 1496 1553 1531 sollenne,
1573 1499 1703 1533 praeter-

990 1540 1070 1569 mitti
1085 1542 1198 1578 potuit,
1217 1541 1386 1578 praesertim
1404 1544 1476 1578 post
1492 1547 1597 1569 vocem
1609 1537 1702 1567 ἄπαν-

991 1582 1051 1611 ταὲ
1097 1583 1140 1611 Αι
1156 1583 1230 1612 mihi
1247 1592 1309 1612 non
1336 1583 1375 1612 de
1404 1581 1482 1610 vitio
1514 1579 1700 1614 istiusmodi,

992 1626 1046 1654 sed
1061 1625 1151 1663 plane
1168 1625 1206 1654 de
1229 1625 1331 1673 glossa
1359 1628 1520 1662 suspectus
1540 1623 1628 1652 locus
1643 1626 1700 1651 est.

992 1668 1139 1696 Omittam
1162 1667 1383 1696 nominativum
1404 1667 1511 1695 horum
1528 1666 1701 1700 verborum,

992 1710 1021 1739 αῖ
1033 1720 1100 1750 χῦρν
1095 1721 1162 1747 ιγίᾱι
1187 1721 1234 1738 καί
1247 1710 1276 1738 αἶ
1292 1706 1532 1748 γυμὶασίαρχίᾱί,
1549 1718 1609 1746 quo
1636 1717 1705 1747 lpso

994 1763 1064 1781 casu
1082 1753 1155 1782 mihi
1171 1752 1395 1791 quodammodo
1410 1750 1524 1780 fraudis
1540 1749 1705 1788 vestigium

994 1795 1144 1834 proditur.
1191 1795 1300 1825 Omnia
1320 1795 1385 1824 haec
1407 1793 1614 1824 Grammatico
1638 1792 1706 1831 qui-

995 1838 1065 1867 dem
1087 1839 1126 1867 ad
1149 1837 1399 1878 perspicuitatem
1420 1835 1590 1866 necessaria
1606 1834 1707 1865 videri

996 1886 1158 1920 poterant;
1181 1882 1308 1917 auctori,
1321 1880 1427 1921 ejusve
1447 1878 1590 1914 auditori,
1601 1888 1707 1917 quam-

996 1924 1072 1953 libet
1085 1924 1166 1959 rudi,
1184 1924 1234 1953 vix
1249 1927 1400 1962 poterant.
1431 1922 1522 1952 Clara
1549 1926 1621 1950 suut
1644 1931 1702 1960 per

997 1977 1041 2001 se,
1064 1967 1162 1996 ταῦτα
1186 1966 1305 1996 ἅπαντα,
1324 1967 1362 1995 τα
1389 1966 1583 2003 ἀναλώματα,
1609 1973 1706 2002 eaque

997 2010 1087 2039 etiam
1117 2019 1210 2047 supra
1241 2009 1427 2038 suffecerunt
1461 2008 1492 2036 in
1516 2007 1584 2036 loco
1615 2006 1706 2045 hujus

997 2052 1177 2081 simillimo·
1165 2071 1189 2091 y
1200 2064 1226 2081 η
1254 2052 1302 2080 lta
1317 2051 1436 2089 hicjam
1449 2054 1575 2088 quartus
1590 2058 1707 2088 paunus

997 2099 1055 2129 est,
1086 2105 1174 2132 quem
1205 2093 1330 2123 Onatori
1356 2092 1434 2122 male
1458 2092 1572 2121 sedulae
1601 2101 1707 2121 manus

996 2142 1167 2166 assuerunt.
1212 2136 1259 2165 Ac
1274 2136 1352 2165 tales
1376 2145 1492 2174 pannos
1508 2144 1596 2173 quam
1612 2132 1708 2172 pluri-

995 2190 1062 2208 mos
1076 2179 1176 2208 adbuc
1191 2178 1221 2207 iu
1233 2178 1415 2207 Oratoribus
1427 2177 1544 2206 Graecis
1559 2176 1708 2216 patienter

996 2222 1133 2256 ferimus,
1149 2221 1219 2260 quin
1236 2221 1351 2250 dudum
1375 2221 1514 2250 detectos
1531 2220 1707 2254 retinemus,

998 2264 1117 2293 scilicet
1133 2274 1169 2293 ne
1194 2263 1295 2293 minus
1318 2263 1451 2301 integras
1467 2262 1619 2291 editiones
1634 2272 1708 2291 ven-

996 2307 1069 2336 dere
1082 2307 1250 2335 videamur.
1267 2306 1502 2343 SicinLycurg.
1515 2305 1584 2334 adv.
1596 2305 1707 2334 Leocr

996 2360 1028 2389 p.
1040 2351 1113 2380 136.
1129 2350 1242 2379 absona
1256 2348 1328 2384 ista,
1339 2350 1381 2387 μὴ
1395 2346 1570 2388 παρέχοντας
1582 2347 1708 2386 συγγνώ-

996 2404 1064 2432 μην,
1079 2392 1256 2430 puerilem„
1240 2391 1372 2421 ‹rlossam
1388 2390 1473 2420 vocis
1487 2390 1708 2429 ἀπαραιτήτους,

998 2435 1171 2464 stomachus
1181 2434 1386 2474 Hauptmanni
1398 2433 1536 2472 pertulit,
1543 2443 1598 2462 nec
1608 2432 1708 2462 minus

999 2477 1087 2507 aliam
1111 2477 1242 2506 similem
1265 2476 1406 2506 laciniam
1432 2486 1463 2514 p.
1484 2479 1570 2509 141..
1597 2475 1654 2504 etsi
1675 2475 1707 2504 in

998 2525 1127 2558 utroque
1143 2520 1212 2549 loco
1234 2520 1350 2557 optima
1365 2523 1521 2548 monuerat
1541 2517 1706 2556 ›Ta-ydonis.

998 2564 1059 2592 Sed
1076 2563 1106 2592 iu
1123 2563 1177 2591 hac
1194 2561 1327 2601 Lycurgi
1343 2561 1490 2591 Oratione
1511 2560 1603 2589 etiam
1618 2560 1708 2598 plura

997 2606 1086 2644 hujus
1117 2604 1238 2644 generis
1269 2609 1384 2634 restant
1420 2603 1603 2638 detegenda.
1654 2603 1707 2632 Ita

997 2648 1073 2677 illud
1089 2657 1208 2686 quoque
1224 2647 1246 2676 l.
1263 2658 1289 2676 c.
1315 2645 1387 2686 μηδὲ
1413 2644 1439 2674 ἐν
1460 2644 1520 2679 τοῖς
1535 2645 1625 2684 νόμοις
1646 2644 1706 2684 dagi-

997 2689 1065 2720 σθαι
1081 2690 1218 2730 τιμωρίαν
1227 2687 1306 2728 ἀξίαν
1317 2692 1370 2718 τῶν
1380 2687 1612 2727 ἄμας-νημάτων,
1624 2687 1708 2725 quod

999 2733 1109 2762 Reisk.
1129 2732 1266 2771 corrigit,
1291 2742 1348 2771 ego
1366 2741 1423 2760 non
1438 2731 1527 2759 aliter
1542 2739 1633 2768 quam
1648 2739 1708 2759 una

998 2774 1089 2804 Ιίιιιι3
1104 2775 1317 2813 corrigendum
1334 2774 1422 2803 duco.
1438 2773 1543 2802 Imm.

1040 2816 1076 2846 E?
1073 2829 1114 2846 ναι
1129 2816 1227 2856 τοῦτο]
1247 2818 1339 2846 Recte
1351 2817 1394 2846 W
1396 2815 1494 2845 olfius.
1509 2815 1621 2848 ἀτελεῖς
1640 2824 1663 2843 ει
1655 2812 1707 2843 ’ναι

997 2860 1128 2889 τούτων
1165 2860 1250 2889 Edit.
1281 2858 1382 2888 Paris.
1418 2859 1541 2887 τοῦτον
1574 2862 1706 2886 caeterae.

996 2903 1151 2933 TAYLOR.
1181 2903 1251 2931 Ald.
1269 2907 1299 2931 et
1313 2901 1412 2930 Herv.
1428 2901 1540 2933 ἀτελεῖς
1555 2910 1576 2929 ε
1568 2898 1620 2929 Ί’ναι
1641 2900 1707 2927 τοῦ-

996 2945 1144 2981 τον,ιιιιῑ]ο
1157 2955 1261 2974 sensu.
1285 2945 1387 2983 Igitur
1400 2943 1493 2974 Felic.
1507 2943 1591 2972 Man.
1608 2941 1705 2972 VVols.

997 2995 1026 3018 et
1047 2988 1135 3029 Tayl.
1150 2987 1297 3019 dederunt
1315 2987 1410 3022 τοῦτο,
1432 2990 1465 3016 ut
1481 2990 1574 3020 esset,
1590 2984 1703 3017 ἀτελεῖς

1724 854 1803 889 495
