1928 3284
212 198 319 251 516

621 198 1258 246 ΔΗΜΟΣΘΕΝΟΤΣ

213 320 315 372 Οὐκ
349 318 403 369 ἔνι
434 322 587 369 τοῦτον
624 316 739 383 ἔχειν
771 318 924 374 καλῶς
946 315 1018 367 τᾶν
1045 316 1184 382 νόμον,
1215 313 1259 372 ὃς
1285 311 1389 387 περὶ
1427 316 1512 364 τῶν
1540 335 1657 386 παρ-

214 391 494 455 εληλυθότων
531 389 608 443 καὶ
645 392 899 461 μελλόντων

959 389 1035 440 1οὖ
1081 387 1237 440 razi-toi
1272 388 1412 453 λέγει·
1455 383 1660 457 μηδένα

810 507 820 525 ¹
836 507 933 535 Deest
949 505 987 535 οὗ.
1006 505 1046 533 R.

212 595 273 620 tem
288 591 501 621 inclinationes
521 602 537 621 a
553 592 637 621 nullo
657 591 845 628 Legislatore
860 589 917 619 rite

213 635 431 673 comprehendi
454 639 593 673 possunt,
608 634 655 662 οὐκ.
677 633 711 662 ἔνι
735 634 830 662 τοῦτον
846 632 920 672 ἔχειν

213 679 308 710 καλῶς
322 677 368 706 τὸν
381 678 470 716 νόμον,
481 676 507 709 ὃς
522 676 581 715 περὶ
604 679 658 704 τῶν
677 675 920 715 ωαξεληλυθᾶτων

213 719 261 748 καὶ
275 720 436 758 μελλόντων
464 720 560 748 ταύτὰ
584 718 669 756 λέγει.
714 717 783 748 Non
796 719 819 747 si
835 718 920 747 debbe

212 772 269 799 par
285 763 377 791 buono
394 768 487 792 tenere
502 773 561 791 una
578 762 670 801 legge,
693 761 744 790 che
769 761 842 790 delte
861 771 920 790 cose

211 811 324 842 pasmte
337 816 351 834 e
362 805 438 834 delle
442 805 556 845 futare
570 805 731 842 parimente
750 805 920 834 determina.

215 847 258 876 Ut
285 853 367 876 recte
391 848 503 876 Versio
526 847 644 876 Italica.
687 847 852 876 Lambinus
877 852 921 875 et-

213 889 273 918 iam
288 890 318 918 in
338 891 394 919 hoc
408 890 477 920 loco
489 890 668 929 particulam
686 890 854 928 negativam
873 899 921 917 re·

215 933 318 961 duxit.
362 933 409 962 Tu
424 933 454 962 in
468 940 594 970 utroque
618 932 746 962 delebis.
764 932 920 961 TAYLOR.

217 975 307 1004 Clare
323 975 508 1014 legendum:
531 973 564 1004 τί
580 977 622 1014 μὴ
641 975 689 1003 καὶ
712 977 752 1004 τὰ
774 974 921 1014 μέλλοντα

213 1016 299 1055 εἶδες-3
320 1028 376 1047 car
390 1019 569 1059 nonfutura
584 1017 781 1053 considerasti,
794 1017 824 1046 in
841 1018 921 1046 sutu-

216 1070 282 1090 ram
297 1061 511 1099 prospexisti?
536 1061 617 1098 quod
630 1071 660 1090 v.
674 1063 723 1090 10.
734 1071 766 1099 p.
783 1062 856 1090 519.
868 1071 922 1089 vo-

217 1108 267 1132 eat
282 1103 315 1132 τὸ
333 1103 442 1143 μέλλον
466 1102 643 1143 πξοοξᾶσθαι.
659 1103 705 1132 sic
731 1104 796 1136 τοὺς
817 1104 923 1142 καιροὺς

216 1145 287 1180 ἰδὼν,
312 1151 438 1185 tempora
454 1147 579 1181 intuens,
597 1146 622 1185 ᾗ.
638 1145 684 1183 ιγ’.
709 1146 788 1174 med.
814 1145 921 1174 Dicit:

216 1188 250 1217 Si
265 1189 395 1219 honores
412 1189 582 1219 Harmodio
595 1194 626 1218 et
641 1188 844 1227 Aristogitoni
855 1188 923 1217 olim

217 1231 339 1261 habitos
360 1243 418 1262 non
441 1232 649 1271 reprehendis,
665 1242 758 1271 quare
782 1233 813 1261 in
830 1231 924 1272 suta-

217 1284 286 1303 ram
303 1285 319 1303 a
335 1274 486 1305 similibus
511 1275 676 1304 honoribus
692 1274 832 1303 excludis
859 1284 923 1310 eos,

218 1318 269 1356 qui
286 1317 456 1348 Harmodio
471 1322 502 1347 et
515 1316 715 1356 Aristogitoni
727 1317 842 1347 similes
856 1328 924 1346 esse

218 1366 354 1399 possunt.
383 1362 600 1392 MARKLAND.

263 1403 322 1433 Οὐκ,
344 1402 378 1432 ἐ’νι
392 1405 488 1433 τοῦτον
511 1402 585 1444 ἔχειν
610 1405 702 1438 καλῶς
728 1401 773 1433 τᾶν
790 1402 924 1442 νόμον-

220 1463 262 1468 —
276 1448 315 1475 τὰ
330 1445 480 1485 μέλλοντα,
502 1445 607 1487 ᾔδεις-3]
628 1448 743 1476 Locum
761 1446 840 1475 huuc
865 1446 925 1475 utri

220 1490 360 1518 vexarint
374 1491 473 1528 pejus,
489 1490 634 1524 editores,
650 1499 686 1518 an
704 1488 831 1523 librarii,
848 1488 926 1517 diffi-

220 1532 278 1561 cile
295 1537 341 1561 est
355 1533 450 1562 dictu.
496 1534 575 1562 Nam
599 1533 729 1571 primum
751 1531 873 1570 negatio
895 1536 926 1560 et

220 1580 289 1604 ante
302 1575 410 1610 ταύτὰ,
424 1580 454 1604 et
463 1581 532 1605 ante
547 1573 753 1614 κατεμέμφου,
769 1574 802 1602 in
818 1573 926 1613 pleris-

219 1627 277 1655 que
303 1618 541 1656 exemplaribus,
557 1617 691 1656 scriptis,
713 1616 817 1650 editis,
839 1616 928 1645 adest

218 1660 314 1695 nulla,
328 1661 387 1689 nisi
400 1661 479 1698 quod
493 1661 592 1699 priore
604 1660 672 1688 loco
683 1659 711 1688 οὗ
723 1659 811 1687 dedit
820 1658 928 1692 Felio„

222 1703 301 1731 unde
317 1703 347 1732 id
360 1703 481 1732 transiit
491 1704 519 1732 in
535 1707 653 1732 textum
664 1702 747 1730 Man.
761 1706 791 1730 et
806 1701 930 1736 Wolfii,

222 1752 253 1776 et
276 1745 306 1774 in
328 1746 559 1781 Ind.Lambini;
576 1744 745 1783 posteriore
758 1748 859 1773 autem
882 1744 926 1772 lo-

222 1799 258 1819 co
275 1799 352 1818 unus
370 1788 518 1823 Wolfius,
535 1798 660 1827 prorsus
677 1788 714 1816 de
726 1786 928 1821 suo,invexit

225 1832 364 1862 voculam
390 1832 443 1870 μή.
499 1831 679 1870 indignatur
708 1829 739 1859 id
769 1829 928 1868 Taylorus,

223 1875 303 1915 quod
323 1874 350 1904 is
380 1875 410 1904 in
437 1875 533 1904 altero
553 1874 622 1903 loco
650 1873 694 1903 ita
717 1876 824 1902 contra
839 1872 929 1902 fidem

222 1918 417 1957 plurimorum
449 1923 480 1947 et
507 1917 749 1956 praestantiorum
777 1915 929 1951 codicum,

225 1961 254 1990 in
265 1961 360 1990 altero
377 1965 484 1989 contra
497 1961 638 1995 omnium,
659 1959 740 1988 aliud
757 1958 929 1993 inculcarit,

223 2014 258 2033 ac
286 2003 416 2033 voluerit
438 2003 504 2043 ipse
529 2002 763 2032 Demosthenes.
807 2001 874 2030 Jam
891 2001 930 2030 de

225 2046 384 2076 codicibus
400 2056 468 2075 cum
485 2045 601 2085 optimo
617 2054 737 2084 quoque
754 2045 830 2073 hauc
846 2049 930 2073 tene-

224 2100 291 2119 mus
308 2089 498 2124 sententiam,
509 2099 612 2118 earum
625 2088 747 2126 quidem
763 2086 851 2116 fidem
867 2087 931 2116 edi-

227 2132 286 2162 tori
306 2142 374 2161 esse
392 2132 536 2171 religiose
564 2131 759 2169 sequendam,
780 2130 870 2159 modo
894 2140 931 2159 ne

222 2175 252 2204 in
267 2175 372 2204 literas
401 2180 430 2203 et
454 2174 557 2213 apices
585 2173 630 2203 sic
648 2173 744 2211 juret,
761 2177 795 2201 ut
809 2182 931 2202 sensum

227 2227 415 2247 communem
432 2218 538 2255 ejuret.
582 2216 673 2254 Quod
693 2225 766 2245 vero
782 2215 931 2254 Taylorns

225 2271 257 2290 se
277 2261 373 2299 jactat
393 2260 481 2294 scire,
503 2259 575 2298 quid
594 2258 814 2288 Demosthenes
826 2257 932 2287 volue-

226 2304 279 2340 rit,
294 2307 344 2332 ant
356 2302 571 2340 Taylorus‚aut
581 2312 639 2340 ego
649 2301 778 2340 turpiter
788 2300 931 2330 fallimur.

229 2346 330 2376 Multo
344 2345 421 2375 enim
438 2345 520 2374 aliud
533 2344 562 2373 in
579 2345 707 2374 Oratore
725 2345 829 2379 video,
841 2349 932 2382 atque

227 2389 289 2418 ille.
326 2389 383 2419 Sed
405 2388 582 2417 sententiam
595 2387 747 2426 quomodo
764 2387 828 2416 sine
841 2397 932 2425 nega-

227 2431 361 2461 tionibus
385 2430 529 2469 expediat
554 2430 600 2460 vir
625 2430 747 2465 doctus,
773 2430 851 2468 ipsis
865 2440 933 2459 ver-

229 2475 275 2504 bis
291 2475 357 2512 ejus
373 2474 543 2504 docendum
571 2478 631 2508 est,
646 2473 815 2512 praesertim
841 2483 932 2511 quum

229 2517 353 2547 omnino
378 2518 553 2556 desperem,
569 2516 634 2545 sore
659 2525 799 2555 unquam,
816 2519 848 2544 ut
870 2516 932 2544 vim

228 2571 331 2590 eorum
345 2560 418 2589 satis
430 2569 580 2598 assequar.
593 2558 666 2588 Hoc
674 2569 758 2597 ergo,
768 2558 877 2596 inquit,
888 2558 933 2587 vi-

229 2603 319 2633 detur
328 2604 439 2632 Orator
452 2602 547 2632 velle:
569 2602 601 2630 Si
615 2601 746 2640 priorum
763 2606 932 2639 temporum

227 2663 238 2668 -
254 2664 265 2668 -
278 2663 290 2668 -
307 2663 319 2668 -
337 2646 453 2675 Italica.
469 2645 547 2684 [vid.
560 2645 676 2685 supra.]
696 2645 855 2674 Hactenus
871 2644 932 2674 ille.

230 2690 331 2727 Atque
354 2689 418 2718 baec
442 2694 533 2718 vocat
554 2698 676 2723 sensum,
692 2697 820 2725 eumque
842 2686 933 2726 longe

232 2731 469 2770 praestantiorem
486 2731 594 2766 altem,
614 2741 654 2760 ex
679 2729 830 2769 appositis
845 2739 934 2767 nega-

230 2774 303 2803 tivis
325 2781 478 2809 manante,
503 2784 558 2803 nec
583 2773 712 2812 amplius
742 2772 934 2802 dubitaturos

231 2827 285 2845 nos
297 2817 383 2851 dicit,
393 2817 464 2855 quid
482 2825 656 2854 sequamur.
683 2812 728 2845 Et*
738 2815 855 2853 placuit
868 2815 934 2845 haec

230 2859 318 2888 crisis
345 2866 502 2898 postremo
524 2859 634 2888 editori
658 2858 708 2893 ita,
725 2863 759 2887 nt
778 2863 934 2896 utramque

231 2902 402 2941 negativam
416 2903 544 2931 fidenter
556 2900 754 2939 expunxerit,
766 2905 933 2939 posteaque

233 2944 401 2981 scripserit,
416 2942 463 2981 ⁷⁵¹3
488 2946 530 2983 μὴ
551 2943 599 2972 καὶ
624 2945 663 2973 τὰ
689 2941 826 2981 μέλλοντ’
840 2942 932 2982 ᾖδειςς

227 2987 262 3016 ln
280 2987 359 3016 notis
388 2993 486 3017 tamen
510 2987 589 3016 idem
616 2986 767 3025 triplicem
792 2987 934 3025 proponit

954 589 1075 618 modum
1089 588 1287 618 emendandi:
1305 589 1443 627 primum,
1461 592 1494 616 ut
1505 587 1660 617 omittatur

953 632 982 660 τί
1009 637 1077 661 aute
1097 633 1151 671 μῆ,
1179 631 1222 661 uti
1243 631 1315 660 facit
1342 633 1422 669 Aug.
1442 635 1470 659 1.
1497 636 1528 659 et
1558 631 1637 660 Bav.
1651 641 1660 667 ;

954 675 1131 709 secundum,
1153 680 1186 704 ut
1206 674 1357 712 legamus,
1374 674 1396 702 εἰ
1420 675 1474 702 τῶν
1491 674 1591 713 προτοῦ
1607 685 1660 702 και-

953 716 1109 756 τεμὲμφου
1133 729 1175 752 τι,
1203 718 1246 756 μὴ
1273 715 1320 745 καὶ
1346 718 1386 744 τὰ
1414 714 1559 754 μέλλοντα
1573 716 1661 756 ᾔδεις-ς

954 760 1090 795 tertium,
1105 764 1150 795 ut,
1161 761 1276 798 rejecto
1292 758 1321 788 τὶ
1333 762 1405 796 post
1413 759 1467 797 μῆ,
1480 759 1660 795 εοτίὺειωιιρ,

955 802 976 830 εἷ
1005 805 1047 832 τὰ
1073 803 1180 843 προτοῦ
1204 800 1410 840 κατεμέμφου,
1435 800 1476 839 μή
1496 811 1525 829 τι
1547 800 1594 829 καὶ
1619 804 1660 831 τὰ

955 843 1102 883 μέλλοντα.
1127 845 1216 885 ᾖδεις;
1241 844 1379 874 Priorum
1406 843 1429 872 si-
1451 849 1478 872 te
1502 843 1661 880 paenitebit,

955 898 1026 916 nam
1042 889 1110 926 qnid
1137 889 1223 917 etiam
1243 885 1360 927 futura
1388 885 1581 924 praevidebas?
1613 887 1660 916 Ad

956 931 1008 959 has
1025 935 1122 959 tantas
1151 929 1277 959 divitias
1305 928 1425 958 accedit
1452 927 1661 964 Marklandus,

955 973 1035 1002 clare
1051 974 1210 1013 legendum
1227 971 1442 1011 pronuncians,
1459 971 1488 999 τί
1502 972 1544 1009 μή
1557 971 1604 1000 καὶ
1621 974 1662 1001 τὰ

954 1016 1102 1054 μέλλοντα
1128 1015 1212 1053 εῖδες;
1247 1015 1309 1045 Cur
1331 1025 1387 1044 non
1403 1013 1522 1054 jutura
1536 1014 1661 1044 conside-

954 1059 1048 1088 rasti?

999 1101 1100 1130 Credo
1115 1101 1269 1139 equidem,
1291 1101 1334 1128 uti
1356 1099 1467 1129 leviter
1482 1110 1560 1129 nunc
1575 1100 1662 1130 locus

955 1155 973 1173 a
986 1154 1035 1173 me
1053 1149 1185 1173 mutatus
1201 1148 1258 1178 est,
1275 1143 1306 1172 iu
1329 1152 1365 1171 eo
1388 1142 1538 1172 neminem
1553 1144 1662 1172 Graece

956 1187 1079 1216 doctum
1095 1187 1259 1225 quidquam
1275 1186 1483 1220 inventurum,
1499 1186 1579 1223 quod
1599 1186 1662 1215 cul-

958 1240 1004 1268 pae
1030 1231 1163 1269 speciem
1191 1229 1310 1258 habeat.
1365 1229 1409 1257 Τιὶ
1436 1227 1662 1268 παρεληλυθότα,

957 1273 1038 1311 quod
1053 1273 1156 1311 paullo
1169 1277 1239 1311 post
1253 1271 1367 1301 dicitur
1381 1272 1421 1299 τὸ.
1437 1272 1555 1311 «προτοῦ,
1571 1276 1664 1310 patet,

957 1315 1064 1345 referri
1078 1316 1117 1344 ad
1130 1315 1288 1345 Harmodii
1299 1320 1326 1343 et
1336 1314 1539 1352 Aristogitonis
1547 1313 1665 1344 honores

957 1364 983 1388 et
1000 1359 1130 1396 praemia.
1174 1358 1298 1387 Τοιαῦται
1317 1361 1386 1386 suut
1401 1358 1482 1391 tates,
1497 1356 1594 1395 quales
1609 1366 1664 1387 sese

954 1406 1135 1440 praestarunt
1151 1401 1198 1430 illi
1211 1400 1281 1430 duo.
1317 1402 1361 1430 Μὴ
1376 1397 1610 1439 καταμέμφεται
1627 1401 1667 1429 ταὶ

957 1445 1058 1483 προτοῦ
1076 1444 1230 1483 LeptineS,
1245 1453 1336 1483 qaum
1349 1443 1468 1481 praemia
1482 1442 1593 1472 duobus
1607 1442 1667 1473 illis

958 1486 1073 1516 decreta
1089 1486 1153 1527 lege
1167 1496 1220 1516 sua
1228 1486 1330 1525 probat
1341 1492 1368 1515 et
1370 1485 1489 1525 firmat,
1502 1495 1591 1525 quum
1602 1485 1668 1515 illos

960 1529 1020 1570 lege
1040 1530 1128 1568 plane
1153 1529 1218 1559 vult
1236 1533 1370 1567 exceptos.
1412 1529 1480 1558 Jam
1504 1538 1536 1557 se
1559 1533 1667 1566 sponte

960 1572 1108 1601 sententia
1119 1572 1181 1601 loci
1197 1571 1286 1600 offert
1301 1571 1366 1600 haec
1379 1581 1386 1599 :
1410 1569 1504 1599 Nullo
1520 1576 1607 1609 pacto
1622 1571 1666 1600 lea·

961 1615 1017 1643 ista
1029 1615 1147 1652 probari
1159 1619 1260 1653 potest,
1275 1615 1377 1652 quippe
1392 1623 1454 1652 qaae
1467 1610 1555 1642 aliud
1569 1613 1604 1642 de
1620 1624 1668 1643 re·

961 1657 1012 1686 bus
1026 1657 1154 1696 actisque
1166 1657 1321 1694 praeteritis
1331 1661 1453 1691 statuat,
1465 1655 1552 1684 aliud
1566 1655 1666 1697 defu-

962 1699 1050 1735 turis,
1065 1709 1154 1738 neque
1168 1709 1199 1729 er
1219 1708 1297 1737 aequo
1317 1704 1441 1736 utraque
1451 1697 1581 1737 judicet.
1626 1697 1666 1728 In

962 1753 1021 1771 uno
1042 1743 1158 1782 quidem
1179 1743 1272 1780 capite
1295 1740 1365 1781 legis
1384 1740 1518 1779 Leptines
1534 1742 1667 1779 scripsit:

961 1795 995 1814 ne
1010 1787 1073 1824 qais
1092 1786 1228 1814 immanis
1242 1789 1312 1819 esto,
1325 1785 1444 1821 exceptis
1463 1782 1621 1813 Harmodii
1639 1789 1667 1813 et

961 1828 997 1857 A.
1014 1828 1140 1866 posteris.
1187 1826 1352 1856 Praeclare!
1377 1825 1492 1861 Laudo,
1508 1827 1582 1866 quod
1597 1826 1668 1856 hac-

961 1877 1045 1900 tenus
1067 1871 1126 1900 iltis
1152 1871 1222 1900 viris
1242 1879 1304 1899 suos
1325 1869 1442 1898 honores
1462 1869 1593 1908 reliquit,
1612 1879 1667 1899 sua

959 1915 1080 1952 praemia
1096 1924 1130 1943 ac
1148 1912 1257 1951 Populi
1273 1913 1386 1942 decreta
1400 1917 1467 1941 rata
1486 1911 1582 1941 habet.
1626 1912 1669 1942 Ac

963 1957 1037 1985 idem
1052 1957 1129 1986 cavit
1141 1957 1171 1986 in
1185 1956 1278 1985 altero
1292 1955 1396 1994 capite,
1412 1965 1446 1984 ne
1460 1955 1574 1984 omnino
1583 1965 1670 1993 porro

964 1998 1060 2028 liceret
1076 1999 1290 2028 immunitatem
1304 1999 1335 2027 in
1351 2007 1513 2037 quenquam
1524 1997 1667 2039 conferre.

965 2041 1025 2071 Hic
1040 2042 1102 2072 vide
1114 2041 1199 2076 mihi,
1213 2042 1258 2071 vir
1271 2041 1386 2080 optime,
1397 2051 1482 2079 quam
1495 2039 1669 2079 Tecumipse

963 2085 1114 2114 discordes.
1160 2084 1220 2114 Hic
1229 2085 1347 2123 posteris
1362 2082 1518 2113 Harmodii
1527 2088 1554 2112 et
1567 2083 1603 2113 A.
1613 2084 1668 2113 im-

963 2129 1136 2157 munitatem
1149 2127 1217 2156 olim
1231 2128 1373 2157 tributam
1388 2131 1481 2155 ratam
1497 2125 1591 2160 habes,
1606 2125 1670 2155 illic

965 2181 1000 2200 ne
1013 2171 1150 2210 cuiquam
1163 2180 1197 2199 ea
1211 2171 1396 2208 inposterum
1409 2178 1539 2208 unquam
1554 2168 1670 2198 tribua-

965 2218 1027 2248 tur,
1042 2218 1128 2242 vetas.
1175 2212 1222 2241 An
1238 2212 1364 2241 tribuere
1383 2221 1446 2241 eam
1465 2220 1503 2240 ne
1521 2216 1585 2240 tam
1603 2213 1669 2250 qui-

964 2255 1027 2285 dem
1045 2255 1137 2285 licebit
1149 2264 1204 2293 per
1221 2253 1270 2290 Te,
1281 2265 1296 2284 ο
1310 2255 1389 2289 bone,
1403 2264 1492 2293 quum
1508 2254 1539 2283 in
1555 2255 1672 2284 civitate

955 2298 1041 2339 forte
1056 2303 1144 2328 erunt
1163 2297 1325 2327 Harmodio
1342 2302 1369 2327 et
1384 2297 1574 2336 Aristogitoni
1591 2297 1670 2326 simi·

967 2342 1003 2371 Les
1013 2343 1027 2370 ‚2
1051 2340 1169 2371 Talesne
1184 2350 1294 2380 quoque
1306 2340 1391 2370 hocce
1401 2341 1519 2378 praemio
1528 2340 1671 2369 ornandos

966 2383 1072 2424 negas?
1095 2385 1134 2414 At
1149 2385 1199 2423 qui
1214 2385 1246 2413 in
1260 2384 1377 2413 civitate
1393 2387 1489 2411 nostra
1506 2382 1671 2423 olimsacta

965 2427 1171 2465 reprehendere
1184 2437 1278 2456 nones
1292 2436 1391 2461 ausas,
1405 2425 1455 2465 qai
1467 2425 1671 2464 tyrannicida-

966 2481 1033 2500 rum
1046 2476 1169 2508 posteros
1177 2469 1238 2509 lege
1249 2468 1313 2498 Τιια
1323 2469 1417 2503 solvis,
1429 2467 1518 2507 quid?
1541 2477 1612 2497 num
1625 2466 1670 2497 Tu

966 2511 1178 2552 etiamfutnra
1200 2522 1318 2546 noras,
1335 2520 1442 2551 quum
1459 2511 1567 2550 legem
1582 2511 1671 2540 scri-

968 2555 1084 2585 beres?
1108 2554 1191 2584 Nam
1211 2560 1322 2584 certam
1347 2553 1410 2583 Tibi
1427 2558 1501 2587 erat,
1522 2562 1689 2592 nunquam,

967 2599 1041 2628 talia
1056 2604 1182 2637 tempora
1197 2597 1282 2636 Reip.
1296 2597 1429 2626 reditura
1444 2604 1511 2630 esse,
1524 2597 1555 2624 in
1568 2595 1671 2634 quibus

967 2642 1005 2670 ad
1020 2647 1128 2670 statum
1135 2640 1302 2680 popularem
1315 2650 1334 2668 a
1348 2639 1499 2669 dominata
1517 2637 1673 2677 defenden-

967 2684 1037 2713 dam
1061 2683 1231 2713 Har-modiis
1254 2693 1323 2721 opus
1348 2683 1405 2717 sit,·
1434 2686 1469 2710 ‘ut
1493 2690 1600 2709 summe
1624 2690 1675 2710 nos

964 2729 1102 2765 paenitere
1113 2727 1212 2756 debeat
1227 2726 1344 2764 praemia
1358 2724 1506 2754 sustulisse
1520 2727 1578 2752 etc.
1610 2723 1672 2752 Sed

967 2769 1033 2798 lraec
1056 2769 1257 2798 verecundius
1278 2776 1426 2805 expressa
1448 2771 1530 2801 sunt,
1555 2773 1586 2794 et
1608 2766 1673 2795 sine

968 2812 1030 2841 ullo
1057 2813 1150 2841 verbo
1170 2811 1248 2840 male
1272 2810 1414 2839 ominato.
1460 2807 1614 2837 Particula
1629 2807 1672 2836 δ’τι

968 2855 1097 2884 alienum
1112 2863 1289 2892 responsum
1302 2852 1473 2886 annunciat,
1485 2856 1517 2880 ut
1527 2850 1553 2889 ξ.
1562 2848 1580 2879 ι’.
1591 2851 1672 2879 med.

970 2897 1056 2928 Dices
1068 2897 1183 2937 quidem
1200 2895 1256 2931 Tu,
1271 2901 1323 2924 ant
1338 2895 1426 2930 atius,
1439 2894 1543 2933 procul
1563 2903 1612 2923 nos
1625 2894 1674 2922 ab·

968 2950 1022 2970 esse
1036 2951 1055 2968 a
1067 2941 1119 2969 tali
1133 2939 1336 2978 exspectatione
1352 2943 1417 2967 etc„

1013 2982 1167 3014 Sufficiant
1191 2983 1253 3011 haec
1280 2981 1315 3009 ad
1342 2980 1434 3010 totius
1454 2977 1515 3008 loci
1540 2983 1674 3008 tenorem
