1928 3284
791 494 1106 536 TAYLORI

558 599 1336 658 PROLEGOMENA

922 727 966 748 AD

663 807 1226 862 A38‹3}11}JIS

434 1014 1460 1084 DEMOSTHENIS

715 1150 1162 1194 ORATIONES

927 1267 970 1288 DE

590 1359 827 1400 CORONA
858 1357 1287 1398 ADVERSARIAS.

256 1470 367 1514 Quor>
386 1471 518 1506 Cicero
534 1472 642 1515 dixit,
666 1483 780 1518 quum
806 1471 870 1506 has
891 1470 982 1504 duas
998 1468 1191 1503 Orationes
1215 1467 1253 1501 in
1272 1466 1444 1502 Latinum
1470 1478 1670 1503 sermonem

207 1527 397 1568 convertit,
412 1538 496 1562 vere
510 1528 625 1569 dixin
642 1539 680 1562 se
697 1537 827 1571 nempe
844 1526 1086 1570 gladiatorum
1101 1531 1167 1566 par
1183 1521 1442 1557 nobilissimum
1460 1526 1541 1567 post
1556 1522 1673 1558 homi-

206 1591 295 1615 num
322 1582 532 1617 memoriam
550 1582 732 1624 inducere,
751 1579 961 1616 AEscbinem
988 1579 1026 1610 et
1051 1575 1349 1618 Demosthenem,
1366 1577 1480 1619 illum,
1503 1587 1576 1612 non
1592 1580 1673 1611 tan-

205 1646 315 1680 quam
334 1637 564 1671 AEserninum
587 1637 798 1676 Samnitem,
824 1642 996 1678 spurcum
1022 1630 1218 1674 hominem,
1234 1630 1298 1664 sed
1315 1631 1464 1666 doctum
1490 1636 1527 1666 et
1543 1632 1675 1667 acerri-

204 1700 318 1731 mum,
348 1691 460 1724 immo
494 1691 645 1725 alterum
677 1689 752 1724 sere
783 1688 1035 1728 Falcidianum,
1066 1696 1152 1719 cum
1185 1685 1395 1728 Pacidiano,
1431 1686 1673 1731 gladiatorum

204 1745 355 1789 optimo,
372 1745 624 1789 compositum.
671 1744 747 1789 (Ita
768 1743 866 1778 enim
884 1741 1075 1777 Ciceronis
1089 1740 1201 1774 verba
1216 1740 1430 1784 interpretor
1446 1743 1571 1776 contra
1586 1740 1674 1777 Ma-

205 1800 361 1839 nutium,
378 1810 461 1833 cum
481 1800 644 1841 aliorum,
661 1803 738 1834 tum
763 1798 786 1833 J
791 1798 849 1833 ani
866 1796 1046 1832 Parrhasii
1072 1795 1108 1829 in
1134 1794 1252 1839 Epist.
1271 1795 1358 1829 LX.
1377 1796 1594 1831 auctoritate
1610 1797 1674 1831 ad-

203 1853 366 1897 ductus.)
413 1853 464 1888 Ut
494 1854 665 1889 affirmare
691 1864 765 1888 non
790 1852 969 1894 dubitem,
995 1850 1082 1884 nihil
1106 1849 1240 1884 habere
1257 1849 1502 1885 Humaniores
1526 1851 1671 1885 Litcras

202 1908 260 1942 vel
276 1908 467 1952 Elegantia
481 1908 652 1950 limatius,
665 1909 719 1942 vel
732 1907 922 1942 Facundia
936 1905 1116 1945 disertius,
1129 1905 1187 1938 vel
1203 1905 1351 1948 gravius
1366 1904 1562 1940 Oratione:
1582 1906 1670 1940 nihil

205 1966 267 1996 aut
283 1963 473 1996 verborum
492 1966 623 1997 ornatu
640 1962 788 2005 cultius,
807 1965 871 1996 aut
896 1959 1155 1995 sententiarum
1180 1958 1370 2002 majestate
1387 1959 1528 2002 elatius,
1545 1960 1603 1994 vel
1622 1960 1668 1994 ab

205 2017 305 2051 omni
323 2017 484 2062 denique
497 2016 614 2050 laudis
630 2027 762 2061 genere
779 2016 930 2050 felicius.

248 2071 299 2106 Et
314 2081 426 2116 quum
453 2071 529 2105 haec
546 2071 677 2113 dicam,
701 2071 791 2106 nihil
816 2069 971 2116 profero,
996 2067 1065 2103 nisi
1091 2066 1190 2113 quod
1215 2066 1464 2112 comprobavit
1479 2067 1668 2111 vetustas,

200 2130 308 2171 atque
333 2126 494 2160 omnium
512 2126 685 2161 Gentium
704 2126 1000 2171 Populorumque
1016 2124 1236 2164 Consensus‚
1254 2123 1301 2156 ad
1325 2132 1416 2167 quos
1433 2122 1668 2165 Humanitas,

199 2180 268 2215 hoc
285 2184 352 2222 cst,
365 2180 571 2225 hujusmodi
589 2181 723 2215 Literoe
742 2179 984 2225 pervenerint.
1018 2179 1041 2195 “
1055 2176 1142 2217 Hic,
1155 2186 1266 2221 quem
1283 2177 1491 2221 praestitisse
1506 2177 1665 2211 diximus

199 2235 386 2277 ceteris,in
403 2236 464 2269 illa
480 2246 544 2279 pro
554 2235 790 2280 Ctesiphonte
803 2233 966 2270 oratione
980 2233 1087 2276 longe
1105 2232 1252 2277 optima,
1269 2232 1481 2268 submissius
1499 2243 1520 2266 a
1535 2233 1664 2276 primo,

198 2289 342 2333 deinde,
366 2289 454 2323 dum
472 2289 517 2323 dc
534 2290 672 2334 iegibus
689 2290 860 2334 disputat,
876 2287 1043 2334 pressius,
1059 2290 1143 2331 post
1165 2287 1300 2321 sensim
1315 2287 1498 2330 incedens,
1516 2287 1665 2331 judices

196 2348 239 2377 ut
252 2344 341 2391 vidit
357 2345 537 2382 ardentes.
549 2345 585 2378 in
602 2345 750 2389 reliquis
763 2343 945 2379 exultavit
961 2342 1171 2377 audacius.'’
1196 2341 1275 2376 Cio.
1289 2341 1391 2376 Orat.
1415 2352 1496 2386 cap.
1508 2345 1542 2378 8.
1590 2345 1611 2360 ‘⁴
1623 2342 1662 2377 Si

196 2400 364 2444 exempla
380 2398 598 2444 sequimur,''
612 2399 662 2433 ait
678 2400 781 2434 Idem
796 2398 887 2433 ibid.
908 2408 988 2443 cap.
1006 2400 1066 2433 38.
1080 2399 1101 2416 ‘⁴
1112 2408 1134 2430 a
1146 2396 1393 2431 Demosthene
1410 2408 1607 2437 sumamus,
1624 2401 1663 2430 et

195 2454 344 2498 quidem
360 2456 542 2498 perpetua:
560 2453 740 2496 dictionis,
758 2465 805 2488 ex
830 2464 874 2488 eo
891 2454 983 2495 loco,
1004 2453 1103 2487 unde
1127 2452 1164 2485 in
1182 2451 1426 2495 Ctesiphontis
1445 2452 1588 2495 judicio
1614 2452 1660 2485 do

195 2507 270 2541 suis
286 2508 401 2549 sactis,
418 2507 587 2549 consiliis,
611 2506 749 2542 meritis
775 2508 811 2541 in
837 2506 1115 2552 Rempublicam
1143 2516 1332 2550 aggressus
1348 2508 1403 2540 est
1419 2505 1550 2540 dicere.
1602 2506 1660 2539 Ea

194 2563 355 2607 profecto
372 2563 498 2596 Oratio
521 2563 557 2596 in
583 2573 663 2597 eam
682 2563 844 2604 sormam,
871 2573 953 2607 quae
975 2566 1032 2596 est
1056 2561 1166 2596 insita
1189 2561 1225 2594 in
1243 2561 1427 2594 mentibus
1443 2560 1584 2601 nostris,
1602 2559 1658 2595 in—

193 2616 293 2650 cludi
310 2617 362 2650 sic
378 2620 509 2660 potest,
521 2621 560 2650 ut
573 2618 690 2661 major
705 2617 928 2662 Eloquentia
942 2626 1014 2651 non
1033 2615 1271 2661 requiratur.”
1297 2616 1426 2649 Porro:
1454 2617 1475 2631 ‘⁴
1487 2614 1657 2650 Converti

193 2682 238 2705 ex
265 2671 399 2705 Atticis
425 2671 578 2706 duorum
605 2671 985 2717 eloquentissimorum
1012 2670 1253 2705 nobilissimas
1280 2669 1471 2704 Orationes
1499 2667 1592 2702 inter
1617 2681 1656 2703 so

158 2761 162 2765 ,
191 2726 400 2767 contrarias,
418 2726 601 2761 AEscbinis
618 2725 984 2770 Demosthenisqne.'’
1012 2725 1069 2759 Id.
1086 2724 1130 2757 de
1145 2725 1282 2768 Optim.
1297 2734 1378 2766 gen.
1391 2724 1532 2757 Orator.
1549 2722 1654 2766 Nam,

191 2791 264 2815 non
280 2785 475 2815 contentus
493 2782 702 2827 eloquentia
718 2781 840 2816 saeculi
859 2783 926 2822 sui,
943 2791 1027 2815 cum
1045 2784 1161 2815 totum
1179 2791 1216 2814 se
1235 2780 1279 2814 ad
1298 2778 1425 2813 laudes
1440 2779 1652 2814 Graecorum

191 2836 425 2878 comparavit,
437 2841 579 2878 tum‚ut
594 2837 788 2881 imaginem
800 2846 953 2870 summae
974 2835 1204 2880 Eloquentiae
1222 2835 1257 2867 in
1272 2837 1392 2867 mente
1403 2836 1514 2878 atquc
1531 2835 1653 2869 animo

190 2889 395 2933 plenissime
422 2891 617 2936 effingeret,
639 2891 831 2925 Orationes
855 2890 918 2924 has
934 2890 1131 2924 contrarias
1159 2888 1292 2922 Latino
1317 2898 1481 2922 sermone
1504 2887 1655 2922 donavit

193 2944 313 2977 Latini
337 2945 513 2980 sermonis
530 2946 766 2991 peritissimus
783 2945 927 2986 artifex,
946 2945 1000 2979 M.
1018 2943 1317 2977 'l'um..Cier.n0.
1366 2943 1416 2976 Et
1439 2943 1501 2986 qui
1526 2953 1653 2977 omnes

194 2999 239 3033 ad
265 2998 481 3035 imitandum
502 3001 699 3047 proposuit,
714 3001 777 3035 has
797 2999 1022 3045 potissimum
1041 2998 1146 3032 duxit
1163 3007 1241 3032 esse
1259 2997 1398 3041 digna»,
1417 3006 1507 3041 quas
1525 2999 1651 3032 sedulo
