<?xml version="1.0" encoding="UTF-8"?>
<!DOCTYPE html PUBLIC "-//W3C//DTD XHTML 1.0 Transitional//EN"
    "http://www.w3.org/TR/xhtml1/DTD/xhtml1-transitional.dtd">
<html xmlns="http://www.w3.org/1999/xhtml" xml:lang="en" lang="en">
 <head>
  <title>
</title>
<meta http-equiv="Content-Type" content="text/html;charset=utf-8" />
  <meta name='ocr-system' content='tesseract 3.04.00' />
  <meta name='ocr-capabilities' content='ocr_page ocr_carea ocr_par ocr_line ocrx_word'/>
</head>
<body>
  <div class='ocr_page' id='page_1' title='image "./oratoresatticie06dobs/oratoresatticie06dobs_0030.png"; bbox 0 0 1928 3284; ppageno 0'>
   <div class='ocr_carea' id='block_1_1' title="bbox 290 227 1139 273">
    <p class='ocr_par' dir='ltr' id='par_1_1' title="bbox 290 227 1139 273">
     <span class='ocr_line' id='line_1_1' title="bbox 290 227 1139 273; baseline -0.005 0"><span class='ocrx_word' id='word_1_1' title='bbox 290 238 338 273; x_wconf 65' lang='lat'>14&lt;</span> <span class='ocrx_word' id='word_1_2' title='bbox 886 227 1139 269; x_wconf 85' lang='lat' dir='ltr'>TAYLORI</span> 
     </span>
    </p>
   </div>
   <div class='ocr_carea' id='block_1_2' title="bbox 270 327 1736 3045">
    <p class='ocr_par' dir='ltr' id='par_1_2' title="bbox 270 327 1736 3045">
     <span class='ocr_line' id='line_1_2' title="bbox 286 327 1733 377; baseline 0.001 -10"><span class='ocrx_word' id='word_1_3' title='bbox 286 332 489 376; x_wconf 77' lang='lat' dir='ltr'>AEschines‚</span> <span class='ocrx_word' id='word_1_4' title='bbox 505 342 588 376; x_wconf 85' lang='lat' dir='ltr'>pag.</span> <span class='ocrx_word' id='word_1_5' title='bbox 605 334 685 367; x_wconf 84' lang='lat'>376.</span> <span class='ocrx_word' id='word_1_6' title='bbox 703 331 726 365; x_wconf 86' lang='grc'>1.</span> <span class='ocrx_word' id='word_1_7' title='bbox 742 334 777 366; x_wconf 78' lang='lat'>2.</span> <span class='ocrx_word' id='word_1_8' title='bbox 803 330 886 365; x_wconf 81' lang='lat' dir='ltr'>tulit</span> <span class='ocrx_word' id='word_1_9' title='bbox 909 331 1184 377; x_wconf 83' lang='lat' dir='ltr'><strong>Demosthenes,</strong></span> <span class='ocrx_word' id='word_1_10' title='bbox 1205 333 1247 367; x_wconf 88' lang='lat' dir='ltr'>ut</span> <span class='ocrx_word' id='word_1_11' title='bbox 1268 331 1313 367; x_wconf 88' lang='lat' dir='ltr'>dc</span> <span class='ocrx_word' id='word_1_12' title='bbox 1330 333 1440 368; x_wconf 84' lang='lat' dir='ltr'>muris</span> <span class='ocrx_word' id='word_1_13' title='bbox 1456 332 1657 368; x_wconf 77' lang='lat' dir='ltr'>reficiendis</span> <span class='ocrx_word' id='word_1_14' title='bbox 1674 327 1733 368; x_wconf 79' lang='lat' dir='ltr'>Ci-</span> 
     </span>
     <span class='ocr_line' id='line_1_3' title="bbox 286 386 1735 431; baseline -0.001 -10"><span class='ocrx_word' id='word_1_15' title='bbox 286 389 377 422; x_wconf 87' lang='lat' dir='ltr'>vitas</span> <span class='ocrx_word' id='word_1_16' title='bbox 393 387 604 431; x_wconf 87' lang='lat' dir='ltr'>provideret.</span> <span class='ocrx_word' id='word_1_17' title='bbox 654 386 736 420; x_wconf 93' lang='lat' dir='ltr'>Hoc</span> <span class='ocrx_word' id='word_1_18' title='bbox 753 386 850 420; x_wconf 89' lang='lat' dir='ltr'>enim</span> <span class='ocrx_word' id='word_1_19' title='bbox 866 386 1067 430; x_wconf 82' lang='lat' dir='ltr'>negotium,</span> <span class='ocrx_word' id='word_1_20' title='bbox 1084 391 1193 431; x_wconf 82' lang='lat' dir='ltr'>atque</span> <span class='ocrx_word' id='word_1_21' title='bbox 1206 387 1277 422; x_wconf 87' lang='lat' dir='ltr'>ista</span> <span class='ocrx_word' id='word_1_22' title='bbox 1289 388 1437 422; x_wconf 80' lang='lat' dir='ltr'>Curatio</span> <span class='ocrx_word' id='word_1_23' title='bbox 1453 391 1561 422; x_wconf 86' lang='lat' dir='ltr'>aetate</span> <span class='ocrx_word' id='word_1_24' title='bbox 1576 388 1735 421; x_wconf 77' lang='lat' dir='ltr'>anteibat</span> 
     </span>
     <span class='ocr_line' id='line_1_4' title="bbox 285 442 1736 487; baseline -0.002 -10"><span class='ocrx_word' id='word_1_25' title='bbox 285 443 408 477; x_wconf 87' lang='lat' dir='ltr'>omnia</span> <span class='ocrx_word' id='word_1_26' title='bbox 419 454 474 486; x_wconf 88' lang='lat' dir='ltr'>ea,</span> <span class='ocrx_word' id='word_1_27' title='bbox 491 453 573 487; x_wconf 83' lang='lat' dir='ltr'>quae</span> <span class='ocrx_word' id='word_1_28' title='bbox 590 443 698 477; x_wconf 89' lang='lat' dir='ltr'>modo</span> <span class='ocrx_word' id='word_1_29' title='bbox 714 442 1004 483; x_wconf 83' lang='lat' dir='ltr'>memoravimus,</span> <span class='ocrx_word' id='word_1_30' title='bbox 1019 445 1055 475; x_wconf 85' lang='lat' dir='ltr'>et</span> <span class='ocrx_word' id='word_1_31' title='bbox 1073 442 1320 486; x_wconf 87' lang='lat' dir='ltr'>Ctesiphontis</span> <span class='ocrx_word' id='word_1_32' title='bbox 1336 447 1445 486; x_wconf 89' lang='lat' dir='ltr'>certe,</span> <span class='ocrx_word' id='word_1_33' title='bbox 1462 444 1490 477; x_wconf 89' lang='lat' dir='ltr'>si</span> <span class='ocrx_word' id='word_1_34' title='bbox 1507 453 1580 477; x_wconf 90' lang='lat' dir='ltr'>non</span> <span class='ocrx_word' id='word_1_35' title='bbox 1596 442 1736 476; x_wconf 90' lang='lat' dir='ltr'>Aristo-</span> 
     </span>
     <span class='ocr_line' id='line_1_5' title="bbox 284 496 1735 543; baseline -0.002 -11"><span class='ocrx_word' id='word_1_36' title='bbox 284 498 370 543; x_wconf 85' lang='lat' dir='ltr'>nici,</span> <span class='ocrx_word' id='word_1_37' title='bbox 386 497 578 541; x_wconf 86' lang='lat' dir='ltr'>Rogationi</span> <span class='ocrx_word' id='word_1_38' title='bbox 594 507 740 531; x_wconf 84' lang='lat' dir='ltr'>causam</span> <span class='ocrx_word' id='word_1_39' title='bbox 758 497 859 530; x_wconf 85' lang='lat' dir='ltr'>dedit</span> <span class='ocrx_word' id='word_1_40' title='bbox 874 498 912 530; x_wconf 87' lang='lat' dir='ltr'>et</span> <span class='ocrx_word' id='word_1_41' title='bbox 927 496 1116 540; x_wconf 82' lang='lat' dir='ltr'>originem.</span> <span class='ocrx_word' id='word_1_42' title='bbox 1163 497 1285 539; x_wconf 88' lang='lat' dir='ltr'>Vides,</span> <span class='ocrx_word' id='word_1_43' title='bbox 1302 497 1352 530; x_wconf 89' lang='lat' dir='ltr'>mi</span> <span class='ocrx_word' id='word_1_44' title='bbox 1378 499 1502 540; x_wconf 87' lang='lat' dir='ltr'>lector,</span> <span class='ocrx_word' id='word_1_45' title='bbox 1518 497 1639 531; x_wconf 82' lang='lat' dir='ltr'>omnia</span> <span class='ocrx_word' id='word_1_46' title='bbox 1656 496 1735 529; x_wconf 80' lang='lat' dir='ltr'>liaec</span> 
     </span>
     <span class='ocr_line' id='line_1_6' title="bbox 284 551 1736 596; baseline -0.001 -10"><span class='ocrx_word' id='word_1_47' title='bbox 284 564 339 594; x_wconf 89' lang='lat' dir='ltr'>ea,</span> <span class='ocrx_word' id='word_1_48' title='bbox 355 563 428 596; x_wconf 87' lang='lat' dir='ltr'>qua</span> <span class='ocrx_word' id='word_1_49' title='bbox 443 551 555 596; x_wconf 91' lang='lat' dir='ltr'>potui,</span> <span class='ocrx_word' id='word_1_50' title='bbox 568 551 756 595; x_wconf 84' lang='lat' dir='ltr'>diligentia</span> <span class='ocrx_word' id='word_1_51' title='bbox 771 551 959 586; x_wconf 86' lang='lat' dir='ltr'>recensita.</span> <span class='ocrx_word' id='word_1_52' title='bbox 1009 551 1106 592; x_wconf 83' lang='lat' dir='ltr'>Quid</span> <span class='ocrx_word' id='word_1_53' title='bbox 1121 562 1205 595; x_wconf 84' lang='lat' dir='ltr'>crgo</span> <span class='ocrx_word' id='word_1_54' title='bbox 1221 553 1283 585; x_wconf 86' lang='lat' dir='ltr'>fiet</span> <span class='ocrx_word' id='word_1_55' title='bbox 1296 552 1341 585; x_wconf 88' lang='lat' dir='ltr'>de</span> <span class='ocrx_word' id='word_1_56' title='bbox 1356 551 1426 585; x_wconf 88' lang='lat' dir='ltr'>isto</span> <span class='ocrx_word' id='word_1_57' title='bbox 1443 551 1656 590; x_wconf 82' lang='lat' dir='ltr'>Chaeronda,</span> <span class='ocrx_word' id='word_1_58' title='bbox 1672 551 1736 594; x_wconf 80' lang='lat' dir='ltr'>qui</span> 
     </span>
     <span class='ocr_line' id='line_1_7' title="bbox 284 604 1736 650; baseline -0.002 -10"><span class='ocrx_word' id='word_1_59' title='bbox 284 607 403 648; x_wconf 86' lang='lat' dir='ltr'>toties,</span> <span class='ocrx_word' id='word_1_60' title='bbox 430 608 550 650; x_wconf 85' lang='lat' dir='ltr'>atque,</span> <span class='ocrx_word' id='word_1_61' title='bbox 566 608 609 640; x_wconf 85' lang='lat' dir='ltr'>ut</span> <span class='ocrx_word' id='word_1_62' title='bbox 634 606 774 649; x_wconf 89' lang='lat' dir='ltr'>dicitur,</span> <span class='ocrx_word' id='word_1_63' title='bbox 791 608 895 640; x_wconf 87' lang='lat' dir='ltr'>extra</span> <span class='ocrx_word' id='word_1_64' title='bbox 911 605 1008 639; x_wconf 80' lang='lat' dir='ltr'>oleas</span> <span class='ocrx_word' id='word_1_65' title='bbox 1024 606 1207 639; x_wconf 77' lang='lat' dir='ltr'>occurrit?</span> <span class='ocrx_word' id='word_1_66' title='bbox 1238 606 1383 640; x_wconf 80' lang='lat' dir='ltr'>Norunt</span> <span class='ocrx_word' id='word_1_67' title='bbox 1397 616 1536 647; x_wconf 91' lang='lat' dir='ltr'>omnes,</span> <span class='ocrx_word' id='word_1_68' title='bbox 1551 605 1615 650; x_wconf 90' lang='lat' dir='ltr'>qui</span> <span class='ocrx_word' id='word_1_69' title='bbox 1632 604 1736 640; x_wconf 88' lang='lat' dir='ltr'>bonis</span> 
     </span>
     <span class='ocr_line' id='line_1_8' title="bbox 283 658 1736 704; baseline -0.002 -10"><span class='ocrx_word' id='word_1_70' title='bbox 283 660 504 695; x_wconf 86' lang='lat' dir='ltr'>Auctoribus</span> <span class='ocrx_word' id='word_1_71' title='bbox 519 660 631 694; x_wconf 89' lang='lat' dir='ltr'>bonas</span> <span class='ocrx_word' id='word_1_72' title='bbox 648 660 752 694; x_wconf 83' lang='lat' dir='ltr'>horas</span> <span class='ocrx_word' id='word_1_73' title='bbox 768 659 995 704; x_wconf 88' lang='lat' dir='ltr'>impendunt,</span> <span class='ocrx_word' id='word_1_74' title='bbox 1013 660 1149 693; x_wconf 89' lang='lat' dir='ltr'>multos</span> <span class='ocrx_word' id='word_1_75' title='bbox 1169 660 1322 694; x_wconf 87' lang='lat' dir='ltr'>subinde</span> <span class='ocrx_word' id='word_1_76' title='bbox 1341 660 1438 704; x_wconf 85' lang='lat' dir='ltr'>apud</span> <span class='ocrx_word' id='word_1_77' title='bbox 1458 659 1638 703; x_wconf 82' lang='lat' dir='ltr'>Antiquos</span> <span class='ocrx_word' id='word_1_78' title='bbox 1663 658 1736 692; x_wconf 82' lang='lat' dir='ltr'>(lici</span> 
     </span>
     <span class='ocr_line' id='line_1_9' title="bbox 282 713 1734 759; baseline -0.002 -10"><span class='ocrx_word' id='word_1_79' title='bbox 282 727 368 749; x_wconf 86' lang='lat' dir='ltr'>eum</span> <span class='ocrx_word' id='word_1_80' title='bbox 384 715 638 758; x_wconf 87' lang='lat' dir='ltr'>Magistratum</span> <span class='ocrx_word' id='word_1_81' title='bbox 655 715 808 750; x_wconf 87' lang='lat' dir='ltr'>Athenis</span> <span class='ocrx_word' id='word_1_82' title='bbox 823 714 988 759; x_wconf 86' lang='lat' dir='ltr'>gessisse,</span> <span class='ocrx_word' id='word_1_83' title='bbox 1004 725 1158 759; x_wconf 90' lang='lat' dir='ltr'>quorum</span> <span class='ocrx_word' id='word_1_84' title='bbox 1179 715 1325 748; x_wconf 87' lang='lat' dir='ltr'>nomina</span> <span class='ocrx_word' id='word_1_85' title='bbox 1340 714 1376 748; x_wconf 91' lang='lat' dir='ltr'>in</span> <span class='ocrx_word' id='word_1_86' title='bbox 1392 713 1481 747; x_wconf 88' lang='lat' dir='ltr'>serie</span> <span class='ocrx_word' id='word_1_87' title='bbox 1497 713 1734 754; x_wconf 89' lang='lat' dir='ltr'>Archontum‚</span> 
     </span>
     <span class='ocr_line' id='line_1_10' title="bbox 284 768 1734 814; baseline -0.003 -10"><span class='ocrx_word' id='word_1_88' title='bbox 284 775 395 814; x_wconf 85' lang='lat' dir='ltr'>atque</span> <span class='ocrx_word' id='word_1_89' title='bbox 416 770 454 803; x_wconf 91' lang='lat' dir='ltr'>in</span> <span class='ocrx_word' id='word_1_90' title='bbox 469 769 597 811; x_wconf 75' lang='lat' dir='ltr'>Fastis,</span> <span class='ocrx_word' id='word_1_91' title='bbox 614 780 704 814; x_wconf 88' lang='lat' dir='ltr'>quos</span> <span class='ocrx_word' id='word_1_92' title='bbox 721 772 862 810; x_wconf 87' lang='lat' dir='ltr'>vocant,</span> <span class='ocrx_word' id='word_1_93' title='bbox 878 771 1052 813; x_wconf 85' lang='lat' dir='ltr'>perpetua</span> <span class='ocrx_word' id='word_1_94' title='bbox 1068 768 1159 802; x_wconf 86' lang='lat' dir='ltr'>serie</span> <span class='ocrx_word' id='word_1_95' title='bbox 1183 768 1375 810; x_wconf 81' lang='lat' dir='ltr'>contextis,</span> <span class='ocrx_word' id='word_1_96' title='bbox 1399 778 1472 801; x_wconf 90' lang='lat' dir='ltr'>non</span> <span class='ocrx_word' id='word_1_97' title='bbox 1495 768 1734 812; x_wconf 88' lang='lat' dir='ltr'>reperiuntur.</span> 
     </span>
     <span class='ocr_line' id='line_1_11' title="bbox 282 820 1735 867; baseline -0.003 -9"><span class='ocrx_word' id='word_1_98' title='bbox 282 824 427 858; x_wconf 89' lang='lat' dir='ltr'>Horum</span> <span class='ocrx_word' id='word_1_99' title='bbox 445 824 650 867; x_wconf 83' lang='lat' dir='ltr'>catalogum</span> <span class='ocrx_word' id='word_1_100' title='bbox 666 823 898 858; x_wconf 81' lang='lat' dir='ltr'>concinnavit</span> <span class='ocrx_word' id='word_1_101' title='bbox 916 822 1114 864; x_wconf 82' lang='lat' dir='ltr'>Mem-sius,</span> <span class='ocrx_word' id='word_1_102' title='bbox 1131 822 1197 856; x_wconf 86' lang='lat' dir='ltr'>Vir</span> <span class='ocrx_word' id='word_1_103' title='bbox 1219 822 1381 856; x_wconf 89' lang='lat' dir='ltr'>eruditus</span> <span class='ocrx_word' id='word_1_104' title='bbox 1404 825 1440 855; x_wconf 89' lang='lat' dir='ltr'>et</span> <span class='ocrx_word' id='word_1_105' title='bbox 1464 820 1674 862; x_wconf 83' lang='lat' dir='ltr'>laboriosus,</span> <span class='ocrx_word' id='word_1_106' title='bbox 1694 820 1735 854; x_wconf 90' lang='lat' dir='ltr'>in</span> 
     </span>
     <span class='ocr_line' id='line_1_12' title="bbox 283 875 1734 921; baseline -0.002 -9"><span class='ocrx_word' id='word_1_107' title='bbox 283 876 554 912; x_wconf 86' lang='lat' dir='ltr'>Commentario</span> <span class='ocrx_word' id='word_1_108' title='bbox 577 877 623 911; x_wconf 88' lang='lat' dir='ltr'>de</span> <span class='ocrx_word' id='word_1_109' title='bbox 647 878 892 912; x_wconf 85' lang='lat' dir='ltr'>Archontibus</span> <span class='ocrx_word' id='word_1_110' title='bbox 908 877 1203 917; x_wconf 85' lang='lat' dir='ltr'>Atheniensibus,</span> <span class='ocrx_word' id='word_1_111' title='bbox 1221 886 1300 921; x_wconf 86' lang='lat' dir='ltr'>cap.</span> <span class='ocrx_word' id='word_1_112' title='bbox 1319 876 1382 910; x_wconf 86' lang='lat' dir='ltr'>ult.</span> <span class='ocrx_word' id='word_1_113' title='bbox 1428 875 1490 917; x_wconf 85' lang='lat' dir='ltr'>Et,</span> <span class='ocrx_word' id='word_1_114' title='bbox 1506 877 1548 908; x_wconf 94' lang='lat' dir='ltr'>ut</span> <span class='ocrx_word' id='word_1_115' title='bbox 1567 875 1603 908; x_wconf 91' lang='lat' dir='ltr'>id</span> <span class='ocrx_word' id='word_1_116' title='bbox 1619 875 1734 909; x_wconf 87' lang='lat' dir='ltr'>obiter</span> 
     </span>
     <span class='ocr_line' id='line_1_13' title="bbox 282 929 1734 976; baseline -0.003 -10"><span class='ocrx_word' id='word_1_117' title='bbox 282 935 416 974; x_wconf 84' lang='lat' dir='ltr'>notem,</span> <span class='ocrx_word' id='word_1_118' title='bbox 433 933 556 976; x_wconf 86' lang='lat' dir='ltr'>plures</span> <span class='ocrx_word' id='word_1_119' title='bbox 571 932 674 966; x_wconf 87' lang='lat' dir='ltr'>istius</span> <span class='ocrx_word' id='word_1_120' title='bbox 686 933 789 966; x_wconf 86' lang='lat' dir='ltr'>sortis</span> <span class='ocrx_word' id='word_1_121' title='bbox 802 936 910 976; x_wconf 83' lang='lat' dir='ltr'>atque</span> <span class='ocrx_word' id='word_1_122' title='bbox 926 930 1143 966; x_wconf 79' lang='lat' dir='ltr'>conditionis</span> <span class='ocrx_word' id='word_1_123' title='bbox 1154 931 1191 965; x_wconf 89' lang='lat' dir='ltr'>in</span> <span class='ocrx_word' id='word_1_124' title='bbox 1207 930 1275 964; x_wconf 90' lang='lat' dir='ltr'>hoc</span> <span class='ocrx_word' id='word_1_125' title='bbox 1285 941 1359 964; x_wconf 87' lang='lat' dir='ltr'>uno</span> <span class='ocrx_word' id='word_1_126' title='bbox 1374 929 1464 964; x_wconf 89' lang='lat' dir='ltr'>libro</span> <span class='ocrx_word' id='word_1_127' title='bbox 1478 929 1734 963; x_wconf 80' lang='lat' dir='ltr'>Demosthenis</span> 
     </span>
     <span class='ocr_line' id='line_1_14' title="bbox 282 983 1733 1031; baseline -0.003 -10"><span class='ocrx_word' id='word_1_128' title='bbox 282 988 328 1021; x_wconf 90' lang='lat' dir='ltr'>dc</span> <span class='ocrx_word' id='word_1_129' title='bbox 345 988 486 1022; x_wconf 79' lang='lat' dir='ltr'>Corona</span> <span class='ocrx_word' id='word_1_130' title='bbox 500 989 703 1029; x_wconf 87' lang='lat' dir='ltr'>occurrunt,</span> <span class='ocrx_word' id='word_1_131' title='bbox 716 998 823 1031; x_wconf 86' lang='lat' dir='ltr'>quam</span> <span class='ocrx_word' id='word_1_132' title='bbox 838 987 882 1020; x_wconf 84' lang='lat' dir='ltr'>ab</span> <span class='ocrx_word' id='word_1_133' title='bbox 900 987 970 1021; x_wconf 84' lang='lat' dir='ltr'>alio</span> <span class='ocrx_word' id='word_1_134' title='bbox 991 996 1222 1030; x_wconf 87' lang='lat' dir='ltr'>quocumque</span> <span class='ocrx_word' id='word_1_135' title='bbox 1237 987 1381 1019; x_wconf 85' lang='lat' dir='ltr'>vetusto</span> <span class='ocrx_word' id='word_1_136' title='bbox 1398 983 1581 1028; x_wconf 86' lang='lat' dir='ltr'>Scriptore</span> <span class='ocrx_word' id='word_1_137' title='bbox 1598 984 1733 1017; x_wconf 84' lang='lat' dir='ltr'>memo-</span> 
     </span>
     <span class='ocr_line' id='line_1_15' title="bbox 282 1038 1732 1087; baseline -0.003 -11"><span class='ocrx_word' id='word_1_138' title='bbox 282 1045 417 1076; x_wconf 83' lang='lat' dir='ltr'>rantur.</span> <span class='ocrx_word' id='word_1_139' title='bbox 464 1041 600 1077; x_wconf 78' lang='lat' dir='ltr'>Statuit</span> <span class='ocrx_word' id='word_1_140' title='bbox 615 1053 699 1086; x_wconf 86' lang='lat' dir='ltr'>ergo</span> <span class='ocrx_word' id='word_1_141' title='bbox 714 1043 782 1076; x_wconf 86' lang='lat' dir='ltr'>Vir</span> <span class='ocrx_word' id='word_1_142' title='bbox 801 1041 1024 1087; x_wconf 84' lang='lat' dir='ltr'>politissimae</span> <span class='ocrx_word' id='word_1_143' title='bbox 1050 1042 1258 1082; x_wconf 67' lang='lat' dir='ltr'>literaturae,</span> <span class='ocrx_word' id='word_1_144' title='bbox 1275 1038 1472 1082; x_wconf 88' lang='lat' dir='ltr'>Corsinius,</span> <span class='ocrx_word' id='word_1_145' title='bbox 1492 1038 1732 1076; x_wconf 84' lang='lat' dir='ltr'>Chaerondam</span> 
     </span>
     <span class='ocr_line' id='line_1_16' title="bbox 282 1093 1732 1142; baseline -0.003 -12"><span class='ocrx_word' id='word_1_146' title='bbox 282 1098 396 1139; x_wconf 88' lang='lat' dir='ltr'>illum,</span> <span class='ocrx_word' id='word_1_147' title='bbox 413 1096 477 1142; x_wconf 90' lang='lat' dir='ltr'>qui</span> <span class='ocrx_word' id='word_1_148' title='bbox 494 1097 749 1141; x_wconf 81' lang='lat' dir='ltr'>Magistratum</span> <span class='ocrx_word' id='word_1_149' title='bbox 766 1097 878 1141; x_wconf 87' lang='lat' dir='ltr'>gessit</span> <span class='ocrx_word' id='word_1_150' title='bbox 895 1096 1039 1141; x_wconf 76' lang='lat' dir='ltr'>Olymp.</span> <span class='ocrx_word' id='word_1_151' title='bbox 1058 1095 1145 1130; x_wconf 89' lang='lat' dir='ltr'>CX.</span> <span class='ocrx_word' id='word_1_152' title='bbox 1162 1098 1197 1129; x_wconf 89' lang='lat'>3.</span> <span class='ocrx_word' id='word_1_153' title='bbox 1213 1105 1341 1128; x_wconf 86' lang='lat' dir='ltr'>verum</span> <span class='ocrx_word' id='word_1_154' title='bbox 1361 1094 1482 1135; x_wconf 79' lang='lat' dir='ltr'>fuisse,</span> <span class='ocrx_word' id='word_1_155' title='bbox 1497 1094 1554 1128; x_wconf 84' lang='lat' dir='ltr'>vel</span> <span class='ocrx_word' id='word_1_156' title='bbox 1570 1093 1644 1127; x_wconf 84' lang='lat' dir='ltr'>fieri</span> <span class='ocrx_word' id='word_1_157' title='bbox 1667 1103 1732 1136; x_wconf 87' lang='lat' dir='ltr'>po-</span> 
     </span>
     <span class='ocr_line' id='line_1_17' title="bbox 280 1147 1731 1196; baseline -0.003 -11"><span class='ocrx_word' id='word_1_158' title='bbox 280 1151 404 1193; x_wconf 86' lang='lat' dir='ltr'>tuisse,</span> <span class='ocrx_word' id='word_1_159' title='bbox 429 1152 641 1192; x_wconf 65' lang='lat' dir='ltr'>Praetorem,</span> <span class='ocrx_word' id='word_1_160' title='bbox 666 1162 748 1185; x_wconf 88' lang='lat' dir='ltr'>eum</span> <span class='ocrx_word' id='word_1_161' title='bbox 774 1161 882 1196; x_wconf 87' lang='lat' dir='ltr'>quern</span> <span class='ocrx_word' id='word_1_162' title='bbox 909 1151 1028 1185; x_wconf 84' lang='lat' dir='ltr'>dicere</span> <span class='ocrx_word' id='word_1_163' title='bbox 1054 1152 1210 1183; x_wconf 84' lang='lat' dir='ltr'>solemus</span> <span class='ocrx_word' id='word_1_164' title='bbox 1234 1149 1479 1193; x_wconf 88' lang='lat' dir='ltr'>Eponymum,</span> <span class='ocrx_word' id='word_1_165' title='bbox 1508 1159 1529 1182; x_wconf 86' lang='lat' dir='ltr'>a</span> <span class='ocrx_word' id='word_1_166' title='bbox 1553 1158 1626 1192; x_wconf 92' lang='lat' dir='ltr'>quo</span> <span class='ocrx_word' id='word_1_167' title='bbox 1652 1147 1731 1181; x_wconf 87' lang='lat' dir='ltr'>scil.</span> 
     </span>
     <span class='ocr_line' id='line_1_18' title="bbox 279 1201 1732 1249; baseline -0.003 -10"><span class='ocrx_word' id='word_1_168' title='bbox 279 1205 409 1239; x_wconf 85' lang='lat' dir='ltr'>Annus</span> <span class='ocrx_word' id='word_1_169' title='bbox 426 1206 712 1248; x_wconf 84' lang='lat' dir='ltr'>cognominatur.</span> <span class='ocrx_word' id='word_1_170' title='bbox 761 1205 825 1239; x_wconf 91' lang='lat' dir='ltr'>Ait</span> <span class='ocrx_word' id='word_1_171' title='bbox 842 1216 957 1249; x_wconf 84' lang='lat' dir='ltr'>porro,</span> <span class='ocrx_word' id='word_1_172' title='bbox 972 1206 1050 1248; x_wconf 84' lang='lat' dir='ltr'>lege</span> <span class='ocrx_word' id='word_1_173' title='bbox 1066 1208 1104 1238; x_wconf 88' lang='lat' dir='ltr'>et</span> <span class='ocrx_word' id='word_1_174' title='bbox 1122 1204 1278 1239; x_wconf 87' lang='lat' dir='ltr'>moribus</span> <span class='ocrx_word' id='word_1_175' title='bbox 1294 1203 1505 1246; x_wconf 86' lang='lat' dir='ltr'>obtinuisse,</span> <span class='ocrx_word' id='word_1_176' title='bbox 1520 1205 1574 1244; x_wconf 90' lang='lat' dir='ltr'>ut,</span> <span class='ocrx_word' id='word_1_177' title='bbox 1587 1201 1617 1235; x_wconf 87' lang='lat' dir='ltr'>si</span> <span class='ocrx_word' id='word_1_178' title='bbox 1634 1202 1732 1245; x_wconf 84' lang='lat' dir='ltr'>Epo-</span> 
     </span>
     <span class='ocr_line' id='line_1_19' title="bbox 280 1257 1733 1304; baseline -0.002 -12"><span class='ocrx_word' id='word_1_179' title='bbox 280 1270 421 1303; x_wconf 84' lang='lat' dir='ltr'>nyinus,</span> <span class='ocrx_word' id='word_1_180' title='bbox 435 1260 496 1304; x_wconf 88' lang='lat' dir='ltr'>qui</span> <span class='ocrx_word' id='word_1_181' title='bbox 512 1260 630 1300; x_wconf 81' lang='lat' dir='ltr'>fuerit,</span> <span class='ocrx_word' id='word_1_182' title='bbox 642 1260 817 1293; x_wconf 89' lang='lat' dir='ltr'>Concioni</span> <span class='ocrx_word' id='word_1_183' title='bbox 833 1270 905 1293; x_wconf 89' lang='lat' dir='ltr'>non</span> <span class='ocrx_word' id='word_1_184' title='bbox 921 1261 1121 1300; x_wconf 88' lang='lat' dir='ltr'>interesset,</span> <span class='ocrx_word' id='word_1_185' title='bbox 1134 1259 1210 1292; x_wconf 86' lang='lat' dir='ltr'>scil.</span> <span class='ocrx_word' id='word_1_186' title='bbox 1228 1260 1291 1292; x_wconf 80' lang='lat' dir='ltr'>aut</span> <span class='ocrx_word' id='word_1_187' title='bbox 1307 1258 1430 1291; x_wconf 91' lang='lat' dir='ltr'>morbo</span> <span class='ocrx_word' id='word_1_188' title='bbox 1443 1257 1652 1300; x_wconf 86' lang='lat' dir='ltr'>impeditus,</span> <span class='ocrx_word' id='word_1_189' title='bbox 1669 1259 1733 1289; x_wconf 86' lang='lat' dir='ltr'>aut</span> 
     </span>
     <span class='ocr_line' id='line_1_20' title="bbox 278 1310 1733 1358; baseline -0.003 -10"><span class='ocrx_word' id='word_1_190' title='bbox 278 1315 482 1356; x_wconf 70' lang='lat' dir='ltr'>defunctus,</span> <span class='ocrx_word' id='word_1_191' title='bbox 500 1317 563 1348; x_wconf 88' lang='lat' dir='ltr'>aut</span> <span class='ocrx_word' id='word_1_192' title='bbox 579 1314 783 1358; x_wconf 80' lang='lat' dir='ltr'>abrogatus,</span> <span class='ocrx_word' id='word_1_193' title='bbox 797 1316 876 1348; x_wconf 84' lang='lat' dir='ltr'>tum</span> <span class='ocrx_word' id='word_1_194' title='bbox 894 1314 1085 1358; x_wconf 83' lang='lat' dir='ltr'>praesidere</span> <span class='ocrx_word' id='word_1_195' title='bbox 1098 1313 1230 1347; x_wconf 89' lang='lat' dir='ltr'>soleret</span> <span class='ocrx_word' id='word_1_196' title='bbox 1244 1323 1290 1347; x_wconf 86' lang='lat' dir='ltr'>ex</span> <span class='ocrx_word' id='word_1_197' title='bbox 1307 1312 1435 1346; x_wconf 87' lang='lat' dir='ltr'>ceteris</span> <span class='ocrx_word' id='word_1_198' title='bbox 1450 1311 1552 1346; x_wconf 84' lang='lat' dir='ltr'>VIII</span> <span class='ocrx_word' id='word_1_199' title='bbox 1569 1310 1733 1345; x_wconf 86' lang='lat' dir='ltr'>Archon-</span> 
     </span>
     <span class='ocr_line' id='line_1_21' title="bbox 278 1365 1732 1413; baseline -0.001 -12"><span class='ocrx_word' id='word_1_200' title='bbox 278 1369 374 1403; x_wconf 78' lang='lat' dir='ltr'>tibus</span> <span class='ocrx_word' id='word_1_201' title='bbox 391 1379 496 1410; x_wconf 84' lang='lat' dir='ltr'>unus,</span> <span class='ocrx_word' id='word_1_202' title='bbox 521 1368 629 1413; x_wconf 85' lang='lat' dir='ltr'>cujus</span> <span class='ocrx_word' id='word_1_203' title='bbox 651 1369 742 1403; x_wconf 85' lang='lat' dir='ltr'>adeo</span> <span class='ocrx_word' id='word_1_204' title='bbox 764 1379 898 1402; x_wconf 89' lang='lat' dir='ltr'>nomen</span> <span class='ocrx_word' id='word_1_205' title='bbox 917 1367 1235 1412; x_wconf 85' lang='lat' dir='ltr'>Psephismatibus,</span> <span class='ocrx_word' id='word_1_206' title='bbox 1251 1370 1288 1400; x_wconf 88' lang='lat' dir='ltr'>et</span> <span class='ocrx_word' id='word_1_207' title='bbox 1304 1367 1556 1400; x_wconf 84' lang='lat' dir='ltr'>Monumentis</span> <span class='ocrx_word' id='word_1_208' title='bbox 1577 1365 1732 1409; x_wconf 86' lang='lat' dir='ltr'>publicis</span> 
     </span>
     <span class='ocr_line' id='line_1_22' title="bbox 275 1420 1730 1467; baseline -0.002 -11"><span class='ocrx_word' id='word_1_209' title='bbox 275 1423 407 1457; x_wconf 62' lang='lat' dir='ltr'>&gt;codem</span> <span class='ocrx_word' id='word_1_210' title='bbox 428 1423 508 1466; x_wconf 91' lang='lat' dir='ltr'>jure</span> <span class='ocrx_word' id='word_1_211' title='bbox 533 1425 570 1456; x_wconf 86' lang='lat' dir='ltr'>et</span> <span class='ocrx_word' id='word_1_212' title='bbox 590 1422 662 1456; x_wconf 89' lang='lat' dir='ltr'>ritu</span> <span class='ocrx_word' id='word_1_213' title='bbox 686 1425 968 1467; x_wconf 84' lang='lat' dir='ltr'>praeponeretur,</span> <span class='ocrx_word' id='word_1_214' title='bbox 986 1432 1059 1467; x_wconf 91' lang='lat' dir='ltr'>quo</span> <span class='ocrx_word' id='word_1_215' title='bbox 1075 1421 1170 1455; x_wconf 85' lang='lat' dir='ltr'>illius</span> <span class='ocrx_word' id='word_1_216' title='bbox 1186 1420 1501 1466; x_wconf 75' lang='lat' dir='ltr'>praescribebauir,</span> <span class='ocrx_word' id='word_1_217' title='bbox 1518 1420 1579 1463; x_wconf 91' lang='lat' dir='ltr'>qui</span> <span class='ocrx_word' id='word_1_218' title='bbox 1595 1420 1730 1463; x_wconf 78' lang='lat' dir='ltr'>prima-</span> 
     </span>
     <span class='ocr_line' id='line_1_23' title="bbox 277 1474 1731 1521; baseline -0.001 -11"><span class='ocrx_word' id='word_1_219' title='bbox 277 1477 352 1510; x_wconf 86' lang='lat' dir='ltr'>rius</span> <span class='ocrx_word' id='word_1_220' title='bbox 367 1476 514 1511; x_wconf 82' lang='lat' dir='ltr'>Archon</span> <span class='ocrx_word' id='word_1_221' title='bbox 539 1476 618 1517; x_wconf 82' lang='lat' dir='ltr'>suit,</span> <span class='ocrx_word' id='word_1_222' title='bbox 639 1479 749 1521; x_wconf 86' lang='lat' dir='ltr'>atque</span> <span class='ocrx_word' id='word_1_223' title='bbox 772 1488 815 1510; x_wconf 90' lang='lat' dir='ltr'>eo</span> <span class='ocrx_word' id='word_1_224' title='bbox 839 1486 988 1510; x_wconf 86' lang='lat' dir='ltr'>munere</span> <span class='ocrx_word' id='word_1_225' title='bbox 1006 1478 1179 1520; x_wconf 87' lang='lat' dir='ltr'>perpetuo</span> <span class='ocrx_word' id='word_1_226' title='bbox 1194 1475 1423 1518; x_wconf 81' lang='lat' dir='ltr'>fungebatur.</span> <span class='ocrx_word' id='word_1_227' title='bbox 1472 1474 1625 1508; x_wconf 80' lang='lat' dir='ltr'>Proinde</span> <span class='ocrx_word' id='word_1_228' title='bbox 1646 1484 1731 1508; x_wconf 89' lang='lat' dir='ltr'>con-</span> 
     </span>
     <span class='ocr_line' id='line_1_24' title="bbox 278 1528 1732 1576; baseline -0.003 -11"><span class='ocrx_word' id='word_1_229' title='bbox 278 1532 404 1573; x_wconf 85' lang='lat' dir='ltr'>cludit,</span> <span class='ocrx_word' id='word_1_230' title='bbox 421 1534 625 1576; x_wconf 82' lang='lat' dir='ltr'>temporum</span> <span class='ocrx_word' id='word_1_231' title='bbox 642 1531 766 1565; x_wconf 85' lang='lat' dir='ltr'>habita</span> <span class='ocrx_word' id='word_1_232' title='bbox 781 1531 931 1571; x_wconf 86' lang='lat' dir='ltr'>ratione,</span> <span class='ocrx_word' id='word_1_233' title='bbox 952 1530 1013 1574; x_wconf 89' lang='lat' dir='ltr'>(ea</span> <span class='ocrx_word' id='word_1_234' title='bbox 1039 1529 1116 1563; x_wconf 88' lang='lat' dir='ltr'>scil.</span> <span class='ocrx_word' id='word_1_235' title='bbox 1138 1538 1250 1574; x_wconf 87' lang='lat' dir='ltr'>quam</span> <span class='ocrx_word' id='word_1_236' title='bbox 1275 1528 1382 1562; x_wconf 93' lang='lat' dir='ltr'>modo</span> <span class='ocrx_word' id='word_1_237' title='bbox 1408 1528 1732 1572; x_wconf 84' lang='lat' dir='ltr'>concinnavimus‚)</span> 
     </span>
     <span class='ocr_line' id='line_1_25' title="bbox 277 1581 1731 1629; baseline -0.003 -9"><span class='ocrx_word' id='word_1_238' title='bbox 277 1586 521 1620; x_wconf 82' lang='lat' dir='ltr'>Chaerondam</span> <span class='ocrx_word' id='word_1_239' title='bbox 538 1586 652 1627; x_wconf 90' lang='lat' dir='ltr'>illum,</span> <span class='ocrx_word' id='word_1_240' title='bbox 668 1596 740 1629; x_wconf 92' lang='lat' dir='ltr'>quo</span> <span class='ocrx_word' id='word_1_241' title='bbox 758 1585 943 1618; x_wconf 87' lang='lat' dir='ltr'>Archonte</span> <span class='ocrx_word' id='word_1_242' title='bbox 971 1582 1240 1617; x_wconf 85' lang='lat' dir='ltr'>Demosthenes</span> <span class='ocrx_word' id='word_1_243' title='bbox 1263 1581 1376 1615; x_wconf 90' lang='lat' dir='ltr'>muris</span> <span class='ocrx_word' id='word_1_244' title='bbox 1398 1582 1599 1616; x_wconf 88' lang='lat' dir='ltr'>reficiendis</span> <span class='ocrx_word' id='word_1_245' title='bbox 1614 1582 1731 1625; x_wconf 84' lang='lat' dir='ltr'>praeti-</span> 
     </span>
     <span class='ocr_line' id='line_1_26' title="bbox 274 1635 1729 1683; baseline -0.003 -10"><span class='ocrx_word' id='word_1_246' title='bbox 274 1640 449 1682; x_wconf 87' lang='lat' dir='ltr'>ciebatur,</span> <span class='ocrx_word' id='word_1_247' title='bbox 463 1639 671 1683; x_wconf 83' lang='lat' dir='ltr'>(AEschines</span> <span class='ocrx_word' id='word_1_248' title='bbox 686 1640 768 1673; x_wconf 88' lang='grc'><strong>376.</strong></span> <span class='ocrx_word' id='word_1_249' title='bbox 783 1637 836 1682; x_wconf 81' lang='lat'>2.)</span> <span class='ocrx_word' id='word_1_250' title='bbox 852 1648 898 1671; x_wconf 86' lang='lat' dir='ltr'>ex</span> <span class='ocrx_word' id='word_1_251' title='bbox 923 1647 996 1681; x_wconf 87' lang='lat' dir='ltr'>qua</span> <span class='ocrx_word' id='word_1_252' title='bbox 1018 1647 1056 1671; x_wconf 93' lang='lat' dir='ltr'>re</span> <span class='ocrx_word' id='word_1_253' title='bbox 1083 1636 1200 1670; x_wconf 88' lang='lat' dir='ltr'>omnis</span> <span class='ocrx_word' id='word_1_254' title='bbox 1225 1635 1304 1670; x_wconf 84' lang='lat' dir='ltr'>haeo</span> <span class='ocrx_word' id='word_1_255' title='bbox 1329 1635 1501 1680; x_wconf 87' lang='lat' dir='ltr'>profluxit</span> <span class='ocrx_word' id='word_1_256' title='bbox 1522 1635 1729 1680; x_wconf 86' lang='lat' dir='ltr'>Contentio‚</span> 
     </span>
     <span class='ocr_line' id='line_1_27' title="bbox 273 1690 1729 1738; baseline -0.002 -10"><span class='ocrx_word' id='word_1_257' title='bbox 273 1695 571 1738; x_wconf 81' lang='lat' dir='ltr'>Pseudonymum</span> <span class='ocrx_word' id='word_1_258' title='bbox 587 1693 695 1727; x_wconf 82' lang='lat' dir='ltr'>fuisse</span> <span class='ocrx_word' id='word_1_259' title='bbox 713 1692 945 1733; x_wconf 85' lang='lat' dir='ltr'>Archontem‚</span> <span class='ocrx_word' id='word_1_260' title='bbox 963 1703 1012 1726; x_wconf 84' lang='lat' dir='ltr'>sc.</span> <span class='ocrx_word' id='word_1_261' title='bbox 1030 1701 1103 1725; x_wconf 87' lang='lat' dir='ltr'>non</span> <span class='ocrx_word' id='word_1_262' title='bbox 1118 1691 1219 1725; x_wconf 86' lang='lat' dir='ltr'>illum</span> <span class='ocrx_word' id='word_1_263' title='bbox 1229 1700 1358 1724; x_wconf 88' lang='lat' dir='ltr'>verum</span> <span class='ocrx_word' id='word_1_264' title='bbox 1371 1692 1408 1723; x_wconf 85' lang='lat' dir='ltr'>et</span> <span class='ocrx_word' id='word_1_265' title='bbox 1422 1690 1621 1734; x_wconf 85' lang='lat' dir='ltr'>principem</span> <span class='ocrx_word' id='word_1_266' title='bbox 1633 1692 1729 1725; x_wconf 85' lang='lat' dir='ltr'>Prae-</span> 
     </span>
     <span class='ocr_line' id='line_1_28' title="bbox 276 1744 1726 1792; baseline -0.001 -10"><span class='ocrx_word' id='word_1_267' title='bbox 276 1751 402 1789; x_wconf 87' lang='lat' dir='ltr'>torem,</span> <span class='ocrx_word' id='word_1_268' title='bbox 419 1748 482 1792; x_wconf 90' lang='lat' dir='ltr'>qui</span> <span class='ocrx_word' id='word_1_269' title='bbox 499 1747 628 1782; x_wconf 85' lang='lat' dir='ltr'>Fastos</span> <span class='ocrx_word' id='word_1_270' title='bbox 639 1746 877 1792; x_wconf 81' lang='lat' dir='ltr'>consignavit,</span> <span class='ocrx_word' id='word_1_271' title='bbox 890 1756 1015 1781; x_wconf 87' lang='lat' dir='ltr'>verum</span> <span class='ocrx_word' id='word_1_272' title='bbox 1029 1756 1074 1780; x_wconf 88' lang='lat' dir='ltr'>ex</span> <span class='ocrx_word' id='word_1_273' title='bbox 1090 1745 1152 1780; x_wconf 89' lang='lat' dir='ltr'>IX</span> <span class='ocrx_word' id='word_1_274' title='bbox 1168 1744 1253 1780; x_wconf 82' lang='lat' dir='ltr'>viris</span> <span class='ocrx_word' id='word_1_275' title='bbox 1264 1754 1390 1787; x_wconf 81' lang='lat' dir='ltr'>unum,</span> <span class='ocrx_word' id='word_1_276' title='bbox 1404 1745 1466 1789; x_wconf 92' lang='lat' dir='ltr'>qui</span> <span class='ocrx_word' id='word_1_277' title='bbox 1478 1745 1621 1789; x_wconf 79' lang='lat' dir='ltr'>Olymp.</span> <span class='ocrx_word' id='word_1_278' title='bbox 1640 1746 1726 1780; x_wconf 89' lang='lat' dir='ltr'>CX.</span> 
     </span>
     <span class='ocr_line' id='line_1_29' title="bbox 278 1799 1729 1846; baseline -0.002 -9"><span class='ocrx_word' id='word_1_279' title='bbox 278 1806 309 1837; x_wconf 93' lang='lat'>1.</span> <span class='ocrx_word' id='word_1_280' title='bbox 329 1803 475 1837; x_wconf 85' lang='lat' dir='ltr'>absente</span> <span class='ocrx_word' id='word_1_281' title='bbox 489 1801 751 1846; x_wconf 83' lang='lat' dir='ltr'>Theophrasto,</span> <span class='ocrx_word' id='word_1_282' title='bbox 768 1812 851 1836; x_wconf 89' lang='lat' dir='ltr'>vero</span> <span class='ocrx_word' id='word_1_283' title='bbox 865 1805 905 1836; x_wconf 88' lang='lat' dir='ltr'>et</span> <span class='ocrx_word' id='word_1_284' title='bbox 920 1804 1096 1846; x_wconf 87' lang='lat' dir='ltr'>perpetuo</span> <span class='ocrx_word' id='word_1_285' title='bbox 1112 1801 1215 1835; x_wconf 90' lang='lat' dir='ltr'>istius</span> <span class='ocrx_word' id='word_1_286' title='bbox 1232 1799 1332 1835; x_wconf 89' lang='lat' dir='ltr'>Anni</span> <span class='ocrx_word' id='word_1_287' title='bbox 1349 1800 1519 1844; x_wconf 89' lang='lat' dir='ltr'>Praetore,</span> <span class='ocrx_word' id='word_1_288' title='bbox 1543 1799 1667 1834; x_wconf 78' lang='lat' dir='ltr'>Curiae</span> <span class='ocrx_word' id='word_1_289' title='bbox 1683 1812 1729 1834; x_wconf 86' lang='lat' dir='ltr'>eo</span> 
     </span>
     <span class='ocr_line' id='line_1_30' title="bbox 275 1853 1729 1901; baseline -0.001 -11"><span class='ocrx_word' id='word_1_290' title='bbox 275 1857 336 1890; x_wconf 90' lang='lat' dir='ltr'>die</span> <span class='ocrx_word' id='word_1_291' title='bbox 352 1856 579 1901; x_wconf 80' lang='lat' dir='ltr'>praesidebat,</span> <span class='ocrx_word' id='word_1_292' title='bbox 596 1867 668 1900; x_wconf 85' lang='lat' dir='ltr'>quo</span> <span class='ocrx_word' id='word_1_293' title='bbox 691 1867 744 1889; x_wconf 84' lang='lat' dir='ltr'>cae</span> <span class='ocrx_word' id='word_1_294' title='bbox 767 1867 823 1890; x_wconf 89' lang='lat' dir='ltr'>res</span> <span class='ocrx_word' id='word_1_295' title='bbox 841 1859 954 1899; x_wconf 82' lang='lat' dir='ltr'>gestae</span> <span class='ocrx_word' id='word_1_296' title='bbox 975 1859 1070 1890; x_wconf 86' lang='lat' dir='ltr'>sunt.</span> <span class='ocrx_word' id='word_1_297' title='bbox 1118 1854 1257 1889; x_wconf 85' lang='lat' dir='ltr'>Pariter</span> <span class='ocrx_word' id='word_1_298' title='bbox 1280 1853 1503 1888; x_wconf 76' lang='lat' dir='ltr'>Chaerondas</span> <span class='ocrx_word' id='word_1_299' title='bbox 1527 1854 1600 1895; x_wconf 90' lang='lat' dir='ltr'>ille,</span> <span class='ocrx_word' id='word_1_300' title='bbox 1622 1855 1729 1898; x_wconf 84' lang='lat' dir='ltr'>cujus</span> 
     </span>
     <span class='ocr_line' id='line_1_31' title="bbox 274 1909 1729 1954; baseline -0.001 -9"><span class='ocrx_word' id='word_1_301' title='bbox 274 1922 406 1945; x_wconf 85' lang='lat' dir='ltr'>nomen</span> <span class='ocrx_word' id='word_1_302' title='bbox 419 1912 629 1954; x_wconf 86' lang='lat' dir='ltr'>inscriptum</span> <span class='ocrx_word' id='word_1_303' title='bbox 640 1914 694 1944; x_wconf 87' lang='lat' dir='ltr'>est</span> <span class='ocrx_word' id='word_1_304' title='bbox 708 1911 889 1944; x_wconf 90' lang='lat' dir='ltr'>AEschinis</span> <span class='ocrx_word' id='word_1_305' title='bbox 905 1911 1036 1951; x_wconf 87' lang='lat' dir='ltr'>libello,</span> <span class='ocrx_word' id='word_1_306' title='bbox 1048 1921 1119 1954; x_wconf 91' lang='lat' dir='ltr'>quo</span> <span class='ocrx_word' id='word_1_307' title='bbox 1133 1909 1404 1954; x_wconf 85' lang='lat' dir='ltr'>Ctesiphontem</span> <span class='ocrx_word' id='word_1_308' title='bbox 1417 1909 1608 1954; x_wconf 85' lang='lat' dir='ltr'>impetivit,</span> <span class='ocrx_word' id='word_1_309' title='bbox 1621 1912 1729 1943; x_wconf 82' lang='lat' dir='ltr'>sexta</span> 
     </span>
     <span class='ocr_line' id='line_1_32' title="bbox 275 1963 1726 2011; baseline -0.002 -11"><span class='ocrx_word' id='word_1_310' title='bbox 275 1965 568 2011; x_wconf 86' lang='lat' dir='ltr'>Elaphebolionis</span> <span class='ocrx_word' id='word_1_311' title='bbox 584 1965 654 2007; x_wconf 89' lang='lat' dir='ltr'>die,</span> <span class='ocrx_word' id='word_1_312' title='bbox 670 1965 699 2009; x_wconf 63' lang='grc' dir='ltr'>ξ.</span> <span class='ocrx_word' id='word_1_313' title='bbox 717 1966 766 2004; x_wconf 84' lang='grc' dir='ltr'><strong>ιζ’.</strong></span> <span class='ocrx_word' id='word_1_314' title='bbox 783 1965 945 2009; x_wconf 88' lang='lat' dir='ltr'>ejusdem</span> <span class='ocrx_word' id='word_1_315' title='bbox 963 1965 1031 1999; x_wconf 86' lang='lat' dir='ltr'>fuit</span> <span class='ocrx_word' id='word_1_316' title='bbox 1046 1965 1116 1999; x_wconf 91' lang='lat' dir='ltr'>loci</span> <span class='ocrx_word' id='word_1_317' title='bbox 1133 1967 1241 2009; x_wconf 88' lang='lat' dir='ltr'>atque</span> <span class='ocrx_word' id='word_1_318' title='bbox 1267 1964 1412 2006; x_wconf 89' lang='lat' dir='ltr'>ordinis,</span> <span class='ocrx_word' id='word_1_319' title='bbox 1430 1974 1480 1997; x_wconf 87' lang='lat' dir='ltr'>sc.</span> <span class='ocrx_word' id='word_1_320' title='bbox 1498 1963 1561 2007; x_wconf 89' lang='lat' dir='ltr'>qui</span> <span class='ocrx_word' id='word_1_321' title='bbox 1578 1963 1726 1997; x_wconf 87' lang='lat' dir='ltr'>absente</span> 
     </span>
     <span class='ocr_line' id='line_1_33' title="bbox 275 2018 1726 2064; baseline -0.003 -10"><span class='ocrx_word' id='word_1_322' title='bbox 275 2020 530 2064; x_wconf 71' lang='lat' dir='ltr'>Lysimachide</span> <span class='ocrx_word' id='word_1_323' title='bbox 546 2020 737 2064; x_wconf 74' lang='lat' dir='ltr'>Eponymo</span> <span class='ocrx_word' id='word_1_324' title='bbox 753 2020 900 2064; x_wconf 89' lang='lat' dir='ltr'>Olymp.</span> <span class='ocrx_word' id='word_1_325' title='bbox 925 2020 1011 2055; x_wconf 86' lang='lat' dir='ltr'>CX.</span> <span class='ocrx_word' id='word_1_326' title='bbox 1029 2023 1064 2054; x_wconf 85' lang='lat'>2.</span> <span class='ocrx_word' id='word_1_327' title='bbox 1090 2019 1179 2053; x_wconf 83' lang='lat' dir='ltr'>forte</span> <span class='ocrx_word' id='word_1_328' title='bbox 1203 2019 1348 2052; x_wconf 83' lang='lat' dir='ltr'>fortuna</span> <span class='ocrx_word' id='word_1_329' title='bbox 1368 2018 1585 2062; x_wconf 85' lang='lat' dir='ltr'>praesidebat</span> <span class='ocrx_word' id='word_1_330' title='bbox 1609 2019 1645 2051; x_wconf 92' lang='lat' dir='ltr'>in</span> <span class='ocrx_word' id='word_1_331' title='bbox 1662 2018 1726 2051; x_wconf 89' lang='lat' dir='ltr'>Se—</span> 
     </span>
     <span class='ocr_line' id='line_1_34' title="bbox 274 2073 1723 2121; baseline -0.001 -13"><span class='ocrx_word' id='word_1_332' title='bbox 274 2078 375 2115; x_wconf 86' lang='lat' dir='ltr'>natu,</span> <span class='ocrx_word' id='word_1_333' title='bbox 391 2085 505 2120; x_wconf 91' lang='lat' dir='ltr'>quum</span> <span class='ocrx_word' id='word_1_334' title='bbox 526 2074 630 2108; x_wconf 76' lang='lat' dir='ltr'>Actio</span> <span class='ocrx_word' id='word_1_335' title='bbox 646 2077 723 2108; x_wconf 84' lang='lat' dir='ltr'>erat</span> <span class='ocrx_word' id='word_1_336' title='bbox 738 2074 916 2109; x_wconf 86' lang='lat' dir='ltr'>instituta.</span> <span class='ocrx_word' id='word_1_337' title='bbox 941 2075 1051 2121; x_wconf 69' lang='lat' dir='ltr'>Anno</span> <span class='ocrx_word' id='word_1_338' title='bbox 1065 2074 1196 2108; x_wconf 89' lang='lat' dir='ltr'>deinde</span> <span class='ocrx_word' id='word_1_339' title='bbox 1213 2073 1393 2117; x_wconf 75' lang='lat' dir='ltr'>proximo,</span> <span class='ocrx_word' id='word_1_340' title='bbox 1410 2082 1460 2106; x_wconf 85' lang='lat' dir='ltr'>sc.</span> <span class='ocrx_word' id='word_1_341' title='bbox 1478 2073 1621 2116; x_wconf 88' lang='lat' dir='ltr'>Olymp.</span> <span class='ocrx_word' id='word_1_342' title='bbox 1638 2073 1723 2107; x_wconf 90' lang='lat' dir='ltr'>CX.</span> 
     </span>
     <span class='ocr_line' id='line_1_35' title="bbox 273 2127 1727 2172; baseline -0.001 -10"><span class='ocrx_word' id='word_1_343' title='bbox 273 2133 306 2163; x_wconf 87' lang='lat'>3.</span> <span class='ocrx_word' id='word_1_344' title='bbox 323 2129 419 2162; x_wconf 89' lang='lat' dir='ltr'>idem</span> <span class='ocrx_word' id='word_1_345' title='bbox 435 2129 494 2163; x_wconf 91' lang='lat' dir='ltr'>ille</span> <span class='ocrx_word' id='word_1_346' title='bbox 511 2128 740 2170; x_wconf 80' lang='lat' dir='ltr'>Chaerondas,</span> <span class='ocrx_word' id='word_1_347' title='bbox 758 2129 836 2162; x_wconf 85' lang='lat' dir='ltr'>sive</span> <span class='ocrx_word' id='word_1_348' title='bbox 853 2129 959 2163; x_wconf 84' lang='lat' dir='ltr'>suerit</span> <span class='ocrx_word' id='word_1_349' title='bbox 975 2128 1067 2162; x_wconf 85' lang='lat' dir='ltr'>alius</span> <span class='ocrx_word' id='word_1_350' title='bbox 1084 2128 1247 2172; x_wconf 90' lang='lat' dir='ltr'>ejusdem</span> <span class='ocrx_word' id='word_1_351' title='bbox 1270 2127 1562 2167; x_wconf 68' lang='lat' dir='ltr'>nomenclaturae,</span> <span class='ocrx_word' id='word_1_352' title='bbox 1586 2127 1727 2161; x_wconf 71' lang='lat' dir='ltr'>Praetu&#39;-</span> 
     </span>
     <span class='ocr_line' id='line_1_36' title="bbox 274 2181 1726 2227; baseline 0.001 -11"><span class='ocrx_word' id='word_1_353' title='bbox 274 2193 350 2216; x_wconf 88' lang='lat' dir='ltr'>ram</span> <span class='ocrx_word' id='word_1_354' title='bbox 367 2183 507 2227; x_wconf 85' lang='lat' dir='ltr'>proprio</span> <span class='ocrx_word' id='word_1_355' title='bbox 523 2185 560 2216; x_wconf 88' lang='lat' dir='ltr'>et</span> <span class='ocrx_word' id='word_1_356' title='bbox 575 2183 744 2227; x_wconf 87' lang='lat' dir='ltr'>primario</span> <span class='ocrx_word' id='word_1_357' title='bbox 764 2183 845 2226; x_wconf 86' lang='lat' dir='ltr'>jure</span> <span class='ocrx_word' id='word_1_358' title='bbox 862 2183 1029 2217; x_wconf 88' lang='lat' dir='ltr'>obtinuit.</span> <span class='ocrx_word' id='word_1_359' title='bbox 1079 2183 1173 2217; x_wconf 85' lang='lat' dir='ltr'>Haec</span> <span class='ocrx_word' id='word_1_360' title='bbox 1191 2183 1244 2216; x_wconf 90' lang='lat' dir='ltr'>vir</span> <span class='ocrx_word' id='word_1_361' title='bbox 1263 2181 1422 2226; x_wconf 79' lang='lat' dir='ltr'>optimus</span> <span class='ocrx_word' id='word_1_362' title='bbox 1442 2184 1549 2226; x_wconf 86' lang='lat' dir='ltr'>atque</span> <span class='ocrx_word' id='word_1_363' title='bbox 1566 2182 1726 2226; x_wconf 83' lang='lat' dir='ltr'>ingenio·</span> 
     </span>
     <span class='ocr_line' id='line_1_37' title="bbox 274 2236 1726 2283; baseline 0.001 -13"><span class='ocrx_word' id='word_1_364' title='bbox 274 2238 446 2278; x_wconf 87' lang='lat' dir='ltr'>sissimus,</span> <span class='ocrx_word' id='word_1_365' title='bbox 464 2248 604 2271; x_wconf 84' lang='lat' dir='ltr'>summa</span> <span class='ocrx_word' id='word_1_366' title='bbox 619 2238 807 2279; x_wconf 85' lang='lat' dir='ltr'>industria,</span> <span class='ocrx_word' id='word_1_367' title='bbox 828 2240 938 2283; x_wconf 86' lang='lat' dir='ltr'>atque</span> <span class='ocrx_word' id='word_1_368' title='bbox 955 2237 1157 2272; x_wconf 90' lang='lat' dir='ltr'>incredibili</span> <span class='ocrx_word' id='word_1_369' title='bbox 1173 2237 1354 2271; x_wconf 86' lang='lat' dir='ltr'>literarum</span> <span class='ocrx_word' id='word_1_370' title='bbox 1373 2236 1541 2278; x_wconf 82' lang='lat' dir='ltr'>subsidio,</span> <span class='ocrx_word' id='word_1_371' title='bbox 1554 2237 1591 2270; x_wconf 92' lang='lat' dir='ltr'>in</span> <span class='ocrx_word' id='word_1_372' title='bbox 1606 2237 1726 2271; x_wconf 83' lang='lat' dir='ltr'>Fastis</span> 
     </span>
     <span class='ocr_line' id='line_1_38' title="bbox 274 2291 1725 2337; baseline 0.001 -13"><span class='ocrx_word' id='word_1_373' title='bbox 274 2291 419 2334; x_wconf 82' lang='lat' dir='ltr'>Atticis,</span> <span class='ocrx_word' id='word_1_374' title='bbox 446 2292 617 2326; x_wconf 87' lang='lat' dir='ltr'>Dissertt.</span> <span class='ocrx_word' id='word_1_375' title='bbox 642 2293 696 2327; x_wconf 90' lang='lat' dir='ltr'>II.</span> <span class='ocrx_word' id='word_1_376' title='bbox 714 2296 751 2326; x_wconf 85' lang='lat' dir='ltr'>et</span> <span class='ocrx_word' id='word_1_377' title='bbox 767 2293 881 2328; x_wconf 90' lang='lat' dir='ltr'>VIII.</span> <span class='ocrx_word' id='word_1_378' title='bbox 933 2293 1200 2337; x_wconf 86' lang='lat' dir='ltr'>Quodcumque</span> <span class='ocrx_word' id='word_1_379' title='bbox 1219 2291 1364 2325; x_wconf 88' lang='lat' dir='ltr'>demum</span> <span class='ocrx_word' id='word_1_380' title='bbox 1383 2293 1561 2325; x_wconf 86' lang='lat' dir='ltr'>statuatur</span> <span class='ocrx_word' id='word_1_381' title='bbox 1586 2292 1631 2325; x_wconf 89' lang='lat' dir='ltr'>de</span> <span class='ocrx_word' id='word_1_382' title='bbox 1649 2295 1725 2326; x_wconf 88' lang='lat' dir='ltr'>toto</span> 
     </span>
     <span class='ocr_line' id='line_1_39' title="bbox 272 2346 1725 2392; baseline 0.001 -13"><span class='ocrx_word' id='word_1_383' title='bbox 272 2347 341 2379; x_wconf 89' lang='lat' dir='ltr'>isto</span> <span class='ocrx_word' id='word_1_384' title='bbox 356 2357 464 2389; x_wconf 85' lang='lat' dir='ltr'>grege</span> <span class='ocrx_word' id='word_1_385' title='bbox 489 2347 690 2381; x_wconf 85' lang='lat' dir='ltr'>Praetorum</span> <span class='ocrx_word' id='word_1_386' title='bbox 717 2349 1065 2392; x_wconf 84' lang='lat' dir='ltr'>Pseudonymorum,</span> <span class='ocrx_word' id='word_1_387' title='bbox 1090 2347 1227 2380; x_wconf 84' lang='lat' dir='ltr'>interea</span> <span class='ocrx_word' id='word_1_388' title='bbox 1251 2348 1384 2387; x_wconf 82' lang='lat' dir='ltr'>tamen,</span> <span class='ocrx_word' id='word_1_389' title='bbox 1407 2356 1519 2390; x_wconf 88' lang='lat' dir='ltr'>quum</span> <span class='ocrx_word' id='word_1_390' title='bbox 1544 2356 1651 2380; x_wconf 87' lang='lat' dir='ltr'>omne</span> <span class='ocrx_word' id='word_1_391' title='bbox 1675 2346 1725 2388; x_wconf 84' lang='lat' dir='ltr'>id,</span> 
     </span>
     <span class='ocr_line' id='line_1_40' title="bbox 273 2399 1723 2446; baseline 0.001 -13"><span class='ocrx_word' id='word_1_392' title='bbox 273 2400 369 2444; x_wconf 88' lang='lat' dir='ltr'>quod</span> <span class='ocrx_word' id='word_1_393' title='bbox 387 2402 431 2434; x_wconf 88' lang='lat' dir='ltr'>ad</span> <span class='ocrx_word' id='word_1_394' title='bbox 449 2401 687 2435; x_wconf 81' lang='lat' dir='ltr'>Chaerondam</span> <span class='ocrx_word' id='word_1_395' title='bbox 703 2404 865 2437; x_wconf 86' lang='lat' dir='ltr'>nostrum</span> <span class='ocrx_word' id='word_1_396' title='bbox 877 2404 1028 2446; x_wconf 85' lang='lat' dir='ltr'>spectat,</span> <span class='ocrx_word' id='word_1_397' title='bbox 1041 2411 1084 2435; x_wconf 91' lang='lat' dir='ltr'>eo</span> <span class='ocrx_word' id='word_1_398' title='bbox 1101 2401 1209 2434; x_wconf 87' lang='lat' dir='ltr'>unico</span> <span class='ocrx_word' id='word_1_399' title='bbox 1219 2401 1353 2434; x_wconf 89' lang='lat' dir='ltr'>nitatur</span> <span class='ocrx_word' id='word_1_400' title='bbox 1366 2399 1611 2442; x_wconf 81' lang='lat' dir='ltr'>fundamento,</span> <span class='ocrx_word' id='word_1_401' title='bbox 1625 2402 1723 2444; x_wconf 91' lang='lat' dir='ltr'>quod</span> 
     </span>
     <span class='ocr_line' id='line_1_41' title="bbox 273 2453 1723 2500; baseline 0.001 -14"><span class='ocrx_word' id='word_1_402' title='bbox 273 2453 463 2487; x_wconf 88' lang='lat' dir='ltr'>AEschines</span> <span class='ocrx_word' id='word_1_403' title='bbox 476 2454 593 2488; x_wconf 88' lang='lat' dir='ltr'>dicam</span> <span class='ocrx_word' id='word_1_404' title='bbox 611 2456 835 2499; x_wconf 82' lang='lat' dir='ltr'>ctesiphonti</span> <span class='ocrx_word' id='word_1_405' title='bbox 851 2456 1031 2500; x_wconf 86' lang='lat' dir='ltr'>scripserit</span> <span class='ocrx_word' id='word_1_406' title='bbox 1046 2458 1129 2489; x_wconf 84' lang='lat' dir='ltr'>ante</span> <span class='ocrx_word' id='word_1_407' title='bbox 1142 2455 1283 2488; x_wconf 86' lang='lat' dir='ltr'>cladem</span> <span class='ocrx_word' id='word_1_408' title='bbox 1301 2454 1596 2494; x_wconf 76' lang='lat' dir='ltr'>Chaeronensem,</span> <span class='ocrx_word' id='word_1_409' title='bbox 1611 2454 1723 2498; x_wconf 81' lang='lat' dir='ltr'>idque</span> 
     </span>
     <span class='ocr_line' id='line_1_42' title="bbox 273 2507 1723 2554; baseline 0.001 -14"><span class='ocrx_word' id='word_1_410' title='bbox 273 2508 486 2542; x_wconf 85' lang='lat' dir='ltr'>auctoritate</span> <span class='ocrx_word' id='word_1_411' title='bbox 505 2510 699 2552; x_wconf 82' lang='lat' dir='ltr'>Plutarchi,</span> <span class='ocrx_word' id='word_1_412' title='bbox 710 2511 903 2553; x_wconf 83' lang='lat' dir='ltr'>Ciceronis,</span> <span class='ocrx_word' id='word_1_413' title='bbox 916 2513 1025 2554; x_wconf 83' lang='lat' dir='ltr'>atque</span> <span class='ocrx_word' id='word_1_414' title='bbox 1037 2511 1128 2544; x_wconf 91' lang='lat' dir='ltr'>adeo</span> <span class='ocrx_word' id='word_1_415' title='bbox 1140 2510 1254 2553; x_wconf 86' lang='lat' dir='ltr'>ipsius</span> <span class='ocrx_word' id='word_1_416' title='bbox 1267 2509 1462 2549; x_wconf 81' lang='lat' dir='ltr'>AEschinis,</span> <span class='ocrx_word' id='word_1_417' title='bbox 1478 2507 1595 2541; x_wconf 88' lang='lat' dir='ltr'>evinci</span> <span class='ocrx_word' id='word_1_418' title='bbox 1609 2509 1723 2542; x_wconf 85' lang='lat' dir='ltr'>credit</span> 
     </span>
     <span class='ocr_line' id='line_1_43' title="bbox 273 2561 1721 2609; baseline 0.001 -15"><span class='ocrx_word' id='word_1_419' title='bbox 273 2565 310 2595; x_wconf 88' lang='lat' dir='ltr'>et</span> <span class='ocrx_word' id='word_1_420' title='bbox 338 2562 485 2596; x_wconf 82' lang='lat' dir='ltr'>stabiliri</span> <span class='ocrx_word' id='word_1_421' title='bbox 518 2574 642 2606; x_wconf 86' lang='lat' dir='ltr'>posse:</span> <span class='ocrx_word' id='word_1_422' title='bbox 675 2567 711 2598; x_wconf 89' lang='lat' dir='ltr'>et</span> <span class='ocrx_word' id='word_1_423' title='bbox 734 2567 869 2607; x_wconf 88' lang='lat' dir='ltr'>contra,</span> <span class='ocrx_word' id='word_1_424' title='bbox 895 2575 1008 2609; x_wconf 88' lang='lat' dir='ltr'>quum</span> <span class='ocrx_word' id='word_1_425' title='bbox 1034 2576 1092 2599; x_wconf 88' lang='lat' dir='ltr'>me</span> <span class='ocrx_word' id='word_1_426' title='bbox 1116 2565 1236 2598; x_wconf 89' lang='lat' dir='ltr'>minus</span> <span class='ocrx_word' id='word_1_427' title='bbox 1266 2565 1411 2597; x_wconf 81' lang='lat' dir='ltr'>moveat</span> <span class='ocrx_word' id='word_1_428' title='bbox 1435 2561 1619 2597; x_wconf 85' lang='lat' dir='ltr'>Plutarchi</span> <span class='ocrx_word' id='word_1_429' title='bbox 1650 2572 1721 2596; x_wconf 89' lang='lat' dir='ltr'>non</span> 
     </span>
     <span class='ocr_line' id='line_1_44' title="bbox 272 2616 1722 2664; baseline 0.001 -16"><span class='ocrx_word' id='word_1_430' title='bbox 272 2626 404 2659; x_wconf 80' lang='lat' dir='ltr'>inagna</span> <span class='ocrx_word' id='word_1_431' title='bbox 427 2617 562 2662; x_wconf 85' lang='lat' dir='ltr'>ubique</span> <span class='ocrx_word' id='word_1_432' title='bbox 586 2620 792 2659; x_wconf 78' lang='lat' dir='ltr'>auctoritas,</span> <span class='ocrx_word' id='word_1_433' title='bbox 816 2630 890 2653; x_wconf 89' lang='grc'><strong>11011</strong></span> <span class='ocrx_word' id='word_1_434' title='bbox 913 2620 1026 2663; x_wconf 87' lang='lat' dir='ltr'>ipsius</span> <span class='ocrx_word' id='word_1_435' title='bbox 1050 2619 1218 2664; x_wconf 86' lang='lat' dir='ltr'>denique,</span> <span class='ocrx_word' id='word_1_436' title='bbox 1242 2621 1380 2663; x_wconf 80' lang='lat' dir='ltr'>quanta</span> <span class='ocrx_word' id='word_1_437' title='bbox 1395 2620 1530 2662; x_wconf 86' lang='lat' dir='ltr'>quanta</span> <span class='ocrx_word' id='word_1_438' title='bbox 1544 2617 1601 2661; x_wconf 86' lang='lat' dir='ltr'>sit,</span> <span class='ocrx_word' id='word_1_439' title='bbox 1618 2616 1722 2650; x_wconf 48' lang='lat' dir='ltr'>Cice*</span> 
     </span>
     <span class='ocr_line' id='line_1_45' title="bbox 273 2670 1721 2717; baseline 0.001 -16"><span class='ocrx_word' id='word_1_440' title='bbox 273 2670 379 2711; x_wconf 85' lang='lat' dir='ltr'>renis,</span> <span class='ocrx_word' id='word_1_441' title='bbox 404 2671 431 2705; x_wconf 87' lang='lat' dir='ltr'>si</span> <span class='ocrx_word' id='word_1_442' title='bbox 456 2672 647 2708; x_wconf 85' lang='lat' dir='ltr'>AEschines</span> <span class='ocrx_word' id='word_1_443' title='bbox 671 2674 891 2707; x_wconf 88' lang='lat' dir='ltr'>contrarium</span> <span class='ocrx_word' id='word_1_444' title='bbox 913 2673 1056 2715; x_wconf 82' lang='lat' dir='ltr'>dixerit,</span> <span class='ocrx_word' id='word_1_445' title='bbox 1084 2685 1162 2717; x_wconf 83' lang='lat' dir='ltr'>age,</span> <span class='ocrx_word' id='word_1_446' title='bbox 1184 2673 1264 2717; x_wconf 85' lang='lat' dir='ltr'>lege</span> <span class='ocrx_word' id='word_1_447' title='bbox 1281 2681 1442 2716; x_wconf 84' lang='lat' dir='ltr'>agamus,</span> <span class='ocrx_word' id='word_1_448' title='bbox 1468 2674 1505 2704; x_wconf 87' lang='lat' dir='ltr'>et</span> <span class='ocrx_word' id='word_1_449' title='bbox 1520 2674 1721 2704; x_wconf 72' lang='lat' dir='ltr'>contestata</span> 
     </span>
     <span class='ocr_line' id='line_1_46' title="bbox 271 2724 1720 2772; baseline 0.001 -17"><span class='ocrx_word' id='word_1_450' title='bbox 271 2724 363 2756; x_wconf 88' lang='lat' dir='ltr'>inter</span> <span class='ocrx_word' id='word_1_451' title='bbox 378 2735 453 2766; x_wconf 71' lang='lat'>1108,</span> <span class='ocrx_word' id='word_1_452' title='bbox 470 2729 512 2760; x_wconf 89' lang='lat' dir='ltr'>ut</span> <span class='ocrx_word' id='word_1_453' title='bbox 533 2727 674 2768; x_wconf 82' lang='lat' dir='ltr'>dicitur,</span> <span class='ocrx_word' id='word_1_454' title='bbox 694 2727 790 2770; x_wconf 89' lang='lat' dir='ltr'>Lite,</span> <span class='ocrx_word' id='word_1_455' title='bbox 808 2728 1017 2763; x_wconf 86' lang='lat' dir='ltr'>AEscbincm</span> <span class='ocrx_word' id='word_1_456' title='bbox 1034 2729 1152 2772; x_wconf 88' lang='lat' dir='ltr'>ipsum</span> <span class='ocrx_word' id='word_1_457' title='bbox 1178 2727 1358 2769; x_wconf 83' lang='lat' dir='ltr'>excitabo,</span> <span class='ocrx_word' id='word_1_458' title='bbox 1375 2736 1448 2771; x_wconf 91' lang='lat' dir='ltr'>quo</span> <span class='ocrx_word' id='word_1_459' title='bbox 1472 2728 1562 2758; x_wconf 80' lang='lat' dir='ltr'>teste</span> <span class='ocrx_word' id='word_1_460' title='bbox 1587 2728 1609 2744; x_wconf 79' lang='lat'>‘⁴</span> <span class='ocrx_word' id='word_1_461' title='bbox 1629 2725 1720 2758; x_wconf 86' lang='lat' dir='ltr'>adeo</span> 
     </span>
     <span class='ocr_line' id='line_1_47' title="bbox 271 2778 1719 2826; baseline 0.005 -19"><span class='ocrx_word' id='word_1_462' title='bbox 271 2786 343 2809; x_wconf 88' lang='grc'><strong>11011</strong></span> <span class='ocrx_word' id='word_1_463' title='bbox 361 2778 661 2815; x_wconf 75' lang='lat' dir='ltr'>videbiturActio</span> <span class='ocrx_word' id='word_1_464' title='bbox 677 2783 738 2816; x_wconf 89' lang='lat' dir='ltr'>illa</span> <span class='ocrx_word' id='word_1_465' title='bbox 761 2783 806 2816; x_wconf 88' lang='lat' dir='ltr'>ab</span> <span class='ocrx_word' id='word_1_466' title='bbox 834 2793 876 2816; x_wconf 90' lang='lat' dir='ltr'>eo</span> <span class='ocrx_word' id='word_1_467' title='bbox 900 2782 1073 2823; x_wconf 79' lang='lat' dir='ltr'>instituta,</span> <span class='ocrx_word' id='word_1_468' title='bbox 1098 2785 1292 2826; x_wconf 83' lang='lat' dir='ltr'>antequam</span> <span class='ocrx_word' id='word_1_469' title='bbox 1319 2781 1559 2815; x_wconf 87' lang='lat' dir='ltr'>Chaeronense</span> <span class='ocrx_word' id='word_1_470' title='bbox 1584 2779 1719 2814; x_wconf 83' lang='lat' dir='ltr'>bellum</span> 
     </span>
     <span class='ocr_line' id='line_1_48' title="bbox 270 2831 1719 2878; baseline 0.003 -16"><span class='ocrx_word' id='word_1_471' title='bbox 270 2831 479 2873; x_wconf 76' lang='lat' dir='ltr'>insurgeret,</span> <span class='ocrx_word' id='word_1_472' title='bbox 497 2839 537 2869; x_wconf 88' lang='lat' dir='ltr'>ut</span> <span class='ocrx_word' id='word_1_473' title='bbox 563 2837 795 2872; x_wconf 83' lang='lat' dir='ltr'>disertissime</span> <span class='ocrx_word' id='word_1_474' title='bbox 821 2838 1019 2878; x_wconf 84' lang='lat' dir='ltr'>affirmabit,</span> <span class='ocrx_word' id='word_1_475' title='bbox 1037 2838 1128 2871; x_wconf 87' lang='lat' dir='ltr'>hane</span> <span class='ocrx_word' id='word_1_476' title='bbox 1151 2838 1197 2871; x_wconf 83' lang='lat' dir='ltr'>ab</span> <span class='ocrx_word' id='word_1_477' title='bbox 1214 2848 1256 2870; x_wconf 88' lang='lat' dir='ltr'>co</span> <span class='ocrx_word' id='word_1_478' title='bbox 1281 2837 1389 2870; x_wconf 85' lang='lat' dir='ltr'>fuisse</span> <span class='ocrx_word' id='word_1_479' title='bbox 1413 2835 1615 2869; x_wconf 84' lang='lat' dir='ltr'>institutam</span> <span class='ocrx_word' id='word_1_480' title='bbox 1639 2837 1719 2878; x_wconf 87' lang='lat' dir='ltr'>post</span> 
     </span>
     <span class='ocr_line' id='line_1_49' title="bbox 272 2887 1719 2936; baseline 0.003 -18"><span class='ocrx_word' id='word_1_481' title='bbox 272 2887 402 2918; x_wconf 76' lang='lat' dir='ltr'>vulnus</span> <span class='ocrx_word' id='word_1_482' title='bbox 418 2887 504 2920; x_wconf 84' lang='lat' dir='ltr'>illud</span> <span class='ocrx_word' id='word_1_483' title='bbox 522 2890 565 2922; x_wconf 86' lang='lat' dir='ltr'>ab</span> <span class='ocrx_word' id='word_1_484' title='bbox 583 2891 863 2926; x_wconf 82' lang='lat' dir='ltr'>Atheniensibus</span> <span class='ocrx_word' id='word_1_485' title='bbox 879 2891 1104 2936; x_wconf 83' lang='lat' dir='ltr'>acccptum.&#39;‘</span> <span class='ocrx_word' id='word_1_486' title='bbox 1152 2891 1359 2925; x_wconf 84' lang='lat' dir='ltr'>Adducitur</span> <span class='ocrx_word' id='word_1_487' title='bbox 1376 2890 1567 2924; x_wconf 88' lang='lat' dir='ltr'>AEschincs</span> <span class='ocrx_word' id='word_1_488' title='bbox 1592 2900 1613 2921; x_wconf 87' lang='lat' dir='ltr'>a</span> <span class='ocrx_word' id='word_1_489' title='bbox 1630 2889 1719 2923; x_wconf 85' lang='lat' dir='ltr'>Viro</span> 
     </span>
     <span class='ocr_line' id='line_1_50' title="bbox 272 2938 1719 2990; baseline 0.004 -21"><span class='ocrx_word' id='word_1_490' title='bbox 272 2938 347 2980; x_wconf 76' lang='lat' dir='ltr'>ipso</span> <span class='ocrx_word' id='word_1_491' title='bbox 363 2940 612 2985; x_wconf 72' lang='lat' dir='ltr'>eruditissimo,</span> <span class='ocrx_word' id='word_1_492' title='bbox 631 2946 780 2979; x_wconf 86' lang='lat' dir='ltr'>Dissert.</span> <span class='ocrx_word' id='word_1_493' title='bbox 795 2946 906 2979; x_wconf 85' lang='lat' dir='ltr'>VIII.</span> <span class='ocrx_word' id='word_1_494' title='bbox 925 2947 952 2990; x_wconf 67' lang='grc' dir='ltr'>ξ.</span> <span class='ocrx_word' id='word_1_495' title='bbox 968 2949 1025 2980; x_wconf 82' lang='grc'>23.</span> <span class='ocrx_word' id='word_1_496' title='bbox 1052 2947 1153 2990; x_wconf 85' lang='lat' dir='ltr'>quasi</span> <span class='ocrx_word' id='word_1_497' title='bbox 1173 2946 1226 2979; x_wconf 84' lang='lat' dir='ltr'>his</span> <span class='ocrx_word' id='word_1_498' title='bbox 1242 2946 1360 2980; x_wconf 83' lang='lat' dir='ltr'>verbis</span> <span class='ocrx_word' id='word_1_499' title='bbox 1378 2955 1474 2984; x_wconf 88' lang='lat' dir='ltr'>usus,</span> <span class='ocrx_word' id='word_1_500' title='bbox 1488 2944 1562 2976; x_wconf 86' lang='lat' dir='ltr'>scil,</span> <span class='ocrx_word' id='word_1_501' title='bbox 1603 2946 1623 2960; x_wconf 84' lang='lat'>“</span> <span class='ocrx_word' id='word_1_502' title='bbox 1641 2943 1719 2976; x_wconf 84' lang='lat' dir='ltr'>Du-</span> 
     </span>
     <span class='ocr_line' id='line_1_51' title="bbox 272 2991 1718 3045; baseline 0.004 -21"><span class='ocrx_word' id='word_1_503' title='bbox 272 2991 368 3035; x_wconf 84' lang='lat' dir='ltr'>dum,</span> <span class='ocrx_word' id='word_1_504' title='bbox 386 2993 550 3040; x_wconf 87' lang='lat' dir='ltr'>Philippo</span> <span class='ocrx_word' id='word_1_505' title='bbox 567 2998 659 3042; x_wconf 85' lang='lat' dir='ltr'>vivo,</span> <span class='ocrx_word' id='word_1_506' title='bbox 676 3000 839 3035; x_wconf 82' lang='lat' dir='ltr'>instituta</span> <span class='ocrx_word' id='word_1_507' title='bbox 856 3002 909 3034; x_wconf 81' lang='lat' dir='ltr'>est</span> <span class='ocrx_word' id='word_1_508' title='bbox 933 3000 1010 3035; x_wconf 82' lang='lat' dir='ltr'>haec.</span> <span class='ocrx_word' id='word_1_509' title='bbox 1025 3000 1146 3045; x_wconf 83' lang='lat' dir='ltr'>Actio,</span> <span class='ocrx_word' id='word_1_510' title='bbox 1165 3011 1287 3036; x_wconf 73' lang='lat' dir='ltr'>verum</span> <span class='ocrx_word' id='word_1_511' title='bbox 1307 3000 1400 3036; x_wconf 87' lang='lat' dir='ltr'>bello</span> <span class='ocrx_word' id='word_1_512' title='bbox 1426 3000 1628 3043; x_wconf 80' lang='lat' dir='ltr'>ingruente,</span> <span class='ocrx_word' id='word_1_513' title='bbox 1647 3007 1718 3037; x_wconf 71' lang='lat' dir='ltr'>non</span> 
     </span>
    </p>
   </div>
  </div>
 </body>
</html>
