1928 3284
220 177 325 233 124
622 183 1257 229 ΔἨΜΟΣΘΕΝΟΥΣ

214 292 302 346 α’νω
337 296 563 358 καθῆτο.
603 295 696 349 Καὶ
729 296 856 368 μετοέ
882 297 1020 349 ταυ9’
1052 321 1109 356 ως
1143 296 1377 359 εἷςῆλθεν
1351 322 1377 359 η
1403 297 1564 359 βουλή,
1592 321 1671 351 και

216 367 507 436 οἷπήγγειλαν
548 370 587 422 οἶ
618 370 887 463 πρυτάνεις
891 369 958 423 τοὶ
983 371 1353 462 προςηγγελμενα
1376 371 1564 433 ἑαυτοῖς,
1591 371 1672 424 και

217 467 292 494 τον
317 441 487 505 η’κοντα
509 444 797 536 παρήγαγον,
824 444 1025 504 κοῖκεινος
1046 451 1183 508 εἶπεν,
1208 469 1355 513 ηρωτα
1386 469 1466 515 μεν
1494 445 1516 496 ὅ
1542 443 1675 537 mJ3v}

218 541 306 576 τις
342 517 631 609 α’·γορεύειν
669 517 984 580 βουλεται;
1023 518 1180 607 παὲᾔει
1206 516 1246 571 δ’
1272 516 1423 578 ουὸεις.
1446 521 1679 578 πολλακις

217 587 260 642 δε
286 615 363 643 του
389 590 564 683 κήρυκος
601 592 863 682 ἓὲωτωντος,
901 590 1015 646 ουὸἒν
1052 596 1232 663 μᾶλλον
1268 592 1486 645 α’νιστατ’
1521 591 1675 657 ου’ὃεῖς,

216 665 431 718 ἁπάντων
456 690 535 736 μεν
575 672 660 718 τῶν
693 690 965 766 στςατηγων
987 667 1245 752 παρόντων,
1279 690 1494 718 απαντων
1527 664 1570 718 δε
1593 691 1678 719 των

215 737 414 829 ῥητόρων,
439 738 664 803 καλούσης
689 738 772 793 ὃε1
784 766 865 803 της
894 764 1034 803 κοινης
1062 764 1142 802 της
1167 737 1423 832 πατρίδος2
1441 742 1577 804 φωνῆς
1601 765 1679 793 τον

218 813 367 905 {300229’
390 811 504 901 ziza-53
538 813 772 905 σωτηξιας·
810 813 858 876 ἣν
894 839 987 908 γαρ
1021 839 1041 866 ο
1082 811 1214 889 κήρυξ
1240 837 1369 866 κατα
1404 837 1505 873 τους
1529 837 1678 900 νομους

217 885 356 951 φωνην
393 887 572 952 οἷφῖησι,
608 887 776 950 ταύτην
815 887 952 950 κοινὴν
990 890 1070 951 τῆς
1107 884 1321 980 πατρίδος
1358 883 1573 939 ὃικαι6ν’
1557 911 1679 940 εστιν

216 961 440 1027 ἧγεῒσθαι.
520 962 687 1015 Καίτοι
725 962 762 1014 εἶ
796 987 875 1033 μεν
901 986 1004 1022 τους
1035 962 1235 1024 σωθῆναι
1262 960 1340 1023 τῆν
1359 960 1488 1013 π6λιν
1513 963 1677 1023 βουλο-

215 1059 364 1105 μενους
381 1037 628 1127 παρελθειν
662 1034 761 1100 ἔδει,
788 1060 962 1096 παντες
986 1061 1040 1088 αν
1065 1036 1187 1107 ὑμεῖς
1212 1034 1290 1088 καὶ
1317 1036 1356 1088 οἷ
1379 1033 1516 1087 αλλοι
1534 1035 1678 1098 Ἀθη-

219 1119 325 1161 ναῖοι
360 1108 637 1170 οἷνασταντες
662 1109 736 1163 ἔπι
772 1135 824 1163 το
861 1112 961 1181 βῆμ,
964 1135 996 1162 α
1034 1108 1283 1183 ἓὲαδιξετε·
1314 1133 1483 1168 παντες
1507 1134 1598 1185 ’γαρ
1631 1109 1680 1162 εὐ

218 1180 347 1235 οἶδνη
325 1208 391 1235 οτι
418 1185 607 1245 σωθῆναι
647 1182 822 1246 3αύτην
842 1183 1101 1246 ἦβούλεσθε·
1131 1184 1167 1235 εἷ
1192 1182 1234 1236 δε
1261 1207 1362 1242 τους
1387 1185 1678 1235 πλουσιωτα-

221 1279 338 1320 τους,
367 1257 406 1309 οἶ
416 1256 681 1351 τριακόσιοι·
712 1256 749 1310 εἷ
782 1256 825 1311 δε
860 1282 962 1318 τους
957 1256 1237 1358 4αμφότερα
1250 1281 1420 1319 ταυτα,
1442 1279 1520 1309 και
1541 1254 1679 1316 εὔνους

220 1333 278 1401 τῇ
311 1330 442 1384 πόλει
469 1356 548 1385 και
582 1331 841 1396 πλουσιους,
882 1332 920 1384 οἶ
957 1331 1108 1402 4μετα
1148 1355 1303 1383 ταυτα
1338 1356 1428 1390 τας
1464 1329 1680 1402 με’γαλας

219 1403 434 1465 ἐπιδόσεις
452 1404 686 1466 επιδόντες·
711 1430 790 1458 και
810 1430 900 1492 ‘70⁶3
924 1405 1066 1458 εὖνοιά
1087 1430 1164 1457 και
1186 1405 1368 1472 πλούτῳ
1384 1405 1506 1457 τοῧτ
1527 1404 1678 1467 ἓποιή-

220 1502 322 1531 σαν.
399 1480 534 1533 Αλλ’
557 1505 614 1540 ως
640 1479 789 1542 ἐὀικεν,
817 1504 969 1539 εκεινος
997 1505 1018 1532 ο
1044 1503 1205 1571 nocc3og
1220 1503 1298 1531 και
1324 1479 1350 1540 ἦ
1375 1479 1515 1571 ἥμερα
1541 1502 1678 1541 εκεινη

221 1577 265 1606 ου
288 1553 414 1624 μόνον
448 1552 586 1607 εὔνουν
613 1578 692 1607 και
717 1554 930 1607 πλούσιον
956 1551 1135 1630 ανὸξα
1119 1552 1292 1616 εκαλει,
1318 1551 1452 1604 αλλα
1476 1575 1556 1605 και
1583 1576 1681 1606 πα-

352 1688 361 1707 ¹
378 1686 417 1727 τῇ
437 1686 508 1729 κοινῇ
687 1688 701 1706 2
714 1686 790 1727 φωνῇ
962 1687 974 1706 ³
989 1688 1003 1717 †
1017 1685 1102 1714 αυτὴν
1288 1685 1301 1704 ⁴
1319 1683 1415 1724 [μετὰ
1436 1683 1551 1725 ταῦτα]

221 1786 342 1825 plebem
373 1787 589 1816 deferebantur
620 1786 864 1821 concionantem,
901 1786 931 1815 in

220 1830 431 1868 concioneque
455 1829 561 1868 populi
586 1830 869 1868 promulgabantur,
899 1833 934 1858 ut

221 1873 327 1911 populi
363 1872 571 1912 psephismate
606 1872 866 1901 confirmarentur.
903 1876 934 1901 et

223 1925 315 1954 snpra
328 1915 358 1945 in
376 1916 481 1944 eadem
496 1915 554 1944 hac
566 1914 714 1944 Oratione
731 1913 934 1955 πςοβεβουλευ-

221 1957 295 1996 μένα.
327 1958 462 1997 appellat
489 1958 614 1997 praemia
641 1958 699 1987 sibi
726 1967 781 1995 per
808 1958 935 1994 curiam,

223 2001 444 2039 consiliumque
456 2001 590 2036 decreta,
602 2000 650 2030 his
666 2001 782 2036 verbis,
797 1999 832 2030 δι’
847 2000 866 2030 ἃ
881 2008 935 2039 φη-

222 2055 259 2082 μι
276 2043 324 2072 καὶ
339 2043 444 2073 τούτων
460 2041 743 2083 πςοβεςουλευμὲνων,
759 2043 808 2072 καὶ
835 2042 937 2082 πολλῷ

220 2085 349 2125 μειζὸνων
364 2085 407 2115 ἐ’τι
423 2086 528 2115 τούτων
551 2085 650 2127 δωρεῶν
665 2084 768 2119 δίκαιος
781 2084 848 2115 εἶναι
862 2097 934 2123 τυγ-

223 2130 327 2169 χάνειν.
373 2129 414 2158 Et
433 2128 583 2168 πρόβουλος
607 2129 721 2158 dicitur
747 2129 843 2164 curia,
866 2139 935 2167 quae

224 2173 270 2201 sic
300 2172 436 2201 consiliis
466 2172 530 2201 suis
558 2171 673 2211 populo
704 2172 867 2210 prospicit,
898 2182 935 2201 ne

225 2215 298 2253 quid
312 2224 472 2253 perperam
490 2215 527 2243 ab
543 2224 580 2244 eo
591 2215 785 2250 decernatur,
797 2221 848 2244 aut
862 2214 936 2244 alias

224 2257 419 2287 incommodo
455 2257 612 2293 afficiatur,
649 2259 728 2288 unde
764 2259 936 2297 quaerendae

227 2301 298 2330 vitae
323 2301 451 2339 perinde
484 2310 590 2330 vacare
619 2305 759 2339 nequeat.
796 2300 842 2330 Ea:
865 2301 936 2331 edit.

226 2343 392 2374 Hznvm.
423 2344 462 2371 V.
478 2344 553 2373 Not.
571 2353 601 2381 p.
621 2344 673 2373 69.

268 2387 352 2420 Πῖέςὸ
368 2386 454 2425 δῆμος
467 2385 521 2415 ἄνω
540 2384 660 2427 καθῆτο]
688 2384 732 2415 Ἐν
747 2385 785 2416 ’τῆ
800 2383 936 2425 ἐκκλησίᾳ

225 2427 433 2468 συνεκαθέζετο.
458 2429 579 2458 Wom.

265 2470 352 2513 ’‘Avoe]
385 2472 519 2507 Sursum,
541 2470 613 2510 quia
635 2480 745 2510 nempe
765 2471 866 2509 plebis
889 2481 937 2500 se-

225 2515 301 2544 dilia
314 2515 345 2544 in
360 2514 427 2544 foro
438 2514 530 2553 paulo
546 2517 633 2543 erant
647 2514 756 2543 altiora
773 2514 811 2544 iis
824 2514 853 2543 in
871 2514 937 2554 qui-

226 2558 284 2587 bus
295 2558 443 2588 sedebant
459 2562 625 2587 senatores
649 2557 788 2587 Auem.

269 2599 393 2641 Καθῆτο]
427 2600 507 2629 Vide
533 2609 627 2639 supra
649 2604 791 2629 annotata
815 2599 898 2638 ad§.
917 2598 937 2629 ι’.

227 2654 265 2673 ex
286 2643 450 2682 Magistro.
476 2643 634 2673 TAYLOR.
666 2642 737 2671 Vid.
753 2643 826 2672 Var.
840 2643 925 2671 Lect.

266 2685 337 2715 Ἀνω
352 2684 472 2726 καθητο]
511 2684 553 2715 Ἐν
574 2696 610 2715 τη
632 2683 770 2725 ἐκκλησίᾳ
790 2683 938 2715 menei-

228 2727 304 2766 ζετο,
322 2734 355 2758 ut
366 2734 449 2758 recte
464 2718 625 2758 Wollius:
647 2729 701 2758 sed
718 2738 772 2757 cur
787 2728 831 2757 ita
845 2727 937 2757 intel-

227 2771 350 2808 ligenda
369 2772 427 2800 ist-1
440 2772 534 2800 verba
546 2770 616 2807 sint,
632 2776 685 2800 ant
705 2780 764 2800 non
779 2770 871 2805 vidit,
887 2775 939 2800 aut

227 2813 350 2843 celavit.
398 2813 541 2843 Felieiter
566 2823 638 2843 sane
661 2814 772 2843 nodum
789 2823 859 2843 eum
883 2823 938 2842 ex-

227 2856 351 2895 pedisse
374 2856 446 2885 mihi
475 2857 600 2886 videtur
627 2856 784 2895 Interpres
814 2855 938 2895 quidam

228 2899 356 2938 Anglus,
380 2899 496 2928 Portal.
535 2904 556 2917 ‘⁸
574 2899 714 2937 Populus
737 2899 768 2928 in
793 2898 938 2928 concione

228 2947 353 2972 coactus
376 2950 465 2979 supra
481 2942 589 2971 sedere
604 2941 729 2977 dicitur,
745 2941 817 2980 quia
832 2942 939 2981 Pnyx,

228 2985 282 3014 ubi
309 2984 473 3013 conciones
498 2984 600 3013 haberi
628 2984 726 3014 solitae
749 2989 831 3019 sunt,
853 2985 939 3015 locus

969 1790 1034 1815 erat
1061 1786 1158 1815 editus
1181 1784 1278 1825 (teste
1301 1784 1444 1820 Polluce,
1468 1784 1490 1813 l.
1517 1782 1568 1824 8.)
1593 1785 1685 1823 juxta

969 1828 1159 1866 Acropolim.
1204 1829 1245 1858 Et
1280 1827 1434 1867 ingentem
1473 1836 1510 1856 eo
1546 1831 1684 1867 tempore

969 1875 1082 1900 metum
1110 1870 1342 1900 Atheniensium
1374 1869 1489 1898 animos
1518 1869 1682 1905 invasisse,

969 1913 1018 1943 vel
1043 1924 1078 1943 ea
1102 1924 1152 1943 res
1172 1912 1332 1943 indicabit.
1376 1913 1453 1941 Nam
1469 1913 1614 1951 populus,
1630 1913 1683 1952 qni

970 1956 1045 1986 alias
1066 1956 1121 1987 vix
1144 1962 1195 1986 aut
1208 1956 1348 1986 mercede
1364 1960 1416 1984 aut
1432 1955 1554 1985 mulctis
1569 1965 1684 1994 propu-

971 1999 1037 2029 sitis
1063 2000 1094 2029 in
1122 2000 1301 2030 concionem
1330 1999 1400 2036 cogi
1426 1998 1538 2036 potuit,
1568 1998 1681 2038 quique

971 2042 1149 2082 priusquam
1166 2043 1205 2072 de
1230 2052 1263 2071 re
1280 2041 1383 2079 aliqua
1397 2041 1479 2078 apud
1498 2051 1531 2069 se
1551 2041 1681 2070 reserre-

970 2090 1032 2119 tur,
1049 2090 1172 2114 senatus
1195 2084 1428 2123 praeconsultum
1450 2083 1585 2121 opperiri
1602 2084 1682 2114 sole-

970 2128 1104 2165 bat,jam
1121 2133 1243 2167 sponte,
1260 2132 1290 2156 et
1310 2136 1369 2156 non
1388 2130 1550 2165 expectato
1565 2131 1683 2161 senatu,

969 2170 1000 2200 in
1013 2170 1098 2200 curia
1114 2181 1170 2200 sua
1186 2167 1396 2199 consederat.''
1423 2170 1500 2198 Haec
1517 2168 1583 2198 ille.
1607 2170 1682 2199 Ate-

970 2213 1032 2242 nim
1051 2213 1206 2243 Diodorus
1221 2213 1357 2246 Siculus,
1373 2212 1498 2241 eandem
1514 2221 1577 2241 rem
1594 2222 1680 2241 enar-

972 2266 1041 2286 rans
1055 2266 1144 2295 quam
1162 2257 1211 2285 bic
1227 2254 1375 2285 describit
1390 2255 1514 2290 Noster,
1532 2255 1681 2293 populum

971 2299 1016 2328 ait
1037 2299 1068 2328 in
1097 2298 1209 2328 Bacchi
1240 2298 1390 2328 theatrum
1416 2296 1486 2337 (qui
1513 2296 1590 2326 alter
1617 2302 1683 2327 erat

971 2342 1111 2372 concioni
1143 2342 1289 2371 habendae
1322 2340 1455 2369 solennis
1488 2339 1593 2380 locus)
1622 2340 1681 2370 hoc

972 2390 1110 2424 tempore
1141 2384 1354 2413 concurrisse:
1389 2382 1401 2411 ὅ
1431 2381 1459 2412 δὲ
1490 2381 1576 2422 δῆμος
1603 2382 1683 2417 ἅπας

971 2426 1028 2467 ἕν’-μ’
1042 2426 1132 2468 ἦμὲξςι
1147 2426 1313 2467 συνέδραμεν
1329 2425 1350 2455 εἷ
1353 2438 1366 2460 ς
1387 2423 1420 2454 τὸ
1437 2423 1558 2464 &ian-gor.
1580 2426 1605 2454 l.
1628 2427 1681 2455 16.

970 2470 994 2510 ξ.
1012 2473 1065 2501 84.
1108 2470 1200 2519 Q⁰⁰.d
1225 2470 1250 2499 si
1277 2470 1308 2499 in
1331 2468 1414 2498 illius
1434 2465 1558 2506 ἀκριέείᾳ.
1579 2478 1676 2507 usque

971 2513 1047 2543 adeo
1075 2513 1327 2552 conquiescamus
1351 2514 1483 2548 oportet,
1501 2510 1608 2540 eadem
1631 2515 1678 2540 ta-

971 2566 1039 2585 men
1064 2555 1233 2595 explicatio
1250 2554 1372 2584 valebit.
1415 2552 1579 2582 Theatrum
1602 2553 1682 2583 enim

972 2599 1205 2637 Dionysiacnm,
1220 2596 1359 2637 quamvis
1383 2596 1488 2624 subter
1503 2605 1602 2625 arcem
1619 2600 1682 2626 ste·

971 2642 1020 2676 tit,
1042 2641 1143 2672 eidem
1157 2646 1258 2671 tamen
1272 2639 1448 2677 impositum
1465 2638 1558 2674 clivo,
1574 2639 1680 2668 urbem

972 2683 1213 2723 supereminuit:
1242 2682 1323 2722 quod
1356 2680 1502 2720 colligere
1531 2681 1607 2711 licet
1641 2691 1682 2711 ex

972 2726 1142 2762 Pausaniae,
1154 2732 1185 2756 et
1200 2725 1403 2756 recentiorum
1417 2723 1468 2762 qui
1485 2723 1621 2754 Athenas
1636 2723 1682 2753 in-

973 2769 1124 2804 viserunt,
1140 2767 1374 2799 narrationibus.
1397 2767 1519 2796 STocx.

1014 2810 1182 2852 Ἐπιδόσεις]
1212 2810 1378 2841 Oblationes
1402 2809 1587 2842 voluntariae,
1603 2818 1683 2848 qnae,

972 2858 1005 2884 ut
1025 2854 1124 2894 inquit
1140 2853 1304 2894 Ulpianus,
1319 2850 1496 2882 difficilibus
1508 2851 1586 2889 reip.
1606 2856 1682 2881 tem-

972 2898 1097 2936 poribus
1118 2898 1148 2927 in
1173 2902 1279 2927 senatu
1303 2895 1425 2929 fiebant,
1452 2893 1542 2923 bonis
1560 2893 1684 2923 civibus

973 2940 1111 2970 certatim
1125 2950 1196 2970 sese
1219 2939 1300 2969 ultro
1324 2937 1401 2976 reip.
1418 2935 1626 2973 offerentibus,
1646 2946 1681 2966 ae

973 2982 1065 3014 modo
1085 2982 1258 3023 pecuniam,
1280 2981 1372 3012 modo
1398 2980 1565 3016 triremem,
1590 2980 1683 3009 modo
