1928 3284
595 190 1331 241 AHMOEoENO'rz'

340 314 499 354 νευούσης
514 313 744 352 Πανδιονίδος,
754 312 968 355 Δημοσθένης
978 310 1209 354 Δημοσθένους
1222 309 1402 349 Παιανιεὺς
1411 307 1518 343 εἶπεν·
1543 310 1678 353 Ἐπειδὴ

338 363 507 399 Φίλιππος
524 361 731 397 ἀποστείλας
749 358 901 401 πρέςβεις
915 359 991 400 περὶ
1009 357 1016 375 ¹
1033 360 1094 396 τῆς
1109 356 1242 399 εἰρήνης
1261 357 1530 401 ὁμολογουμένας
1543 360 1683 399 πεποίη-

339 421 394 440 ται
409 407 580 446 συνθήκας
597 408 681 449 πρὸς
706 407 766 437 τὸν
782 404 975 443 Ἀθηναίων
991 403 1109 446 δῆμον,
1127 402 1283 445 δεδόχθαι
1303 406 1347 446 τῇ
1361 404 1473 447 βουλῇ
1489 406 1543 436 καὶ
1558 408 1608 447 τῷ
1623 405 1680 445 ὂή-

337 467 388 496 μῳ
415 454 428 472 ²
442 457 508 486 τῶν
525 453 729 492 Ἀθηναίων,
746 451 836 488 ὅπως
856 449 901 481 (ἲν
924 449 944 487 ἡ
969 449 1082 493 εἰρήνη
1099 449 1299 492 ἐπιτελεσθῇ
1313 450 1334 489 ὴ
1352 451 1682 494 ἐπιχειροτονηθεῖσα

339 501 376 532 {21
392 503 434 542 τῇ
450 500 564 542 πρώτη
577 498 744 539 ἐκκλησίᾳ,
761 496 913 538 πρέςβεις
927 495 1060 527 ἑλέσθαι
1075 497 1109 527 ἐκ
1123 496 1264 528 πάντων
1279 495 1471 536 Ἀθηναίων
1487 496 1551 537 ἤδη
1569 497 1681 530 πέντε·

339 548 416 584 τοὺς
443 546 475 577 δὲ
508 543 807 587 χειροτονηὲέντας
839 541 1026 584 ἀποδημεῖν
1049 542 1214 585 μηδεμίαν
1237 542 1419 584 ἀναβολὴν
1450 544 1681 586 ποιουμένους,

337 592 423 624 ὅπου
440 594 484 623 ἂν
499 593 582 623 ὄντα
593 589 838 622 πυνθάνωνται
850 589 910 620 τὸν
925 588 1110 629 Φίλιππον,
1127 589 1181 621 καὶ
1198 590 1275 627 τοὺς
1290 589 1405 632 ὅρκους
1420 589 1544 630 λαβεῖν
1557 601 1591 620 τε
1602 589 1680 633 παρ’

338 639 439 670 αὐτοῦ
456 639 509 669 καὶ
527 636 640 668 δοῦναι
657 637 721 674 τὴν
740 635 906 676 ταχίστην
923 633 978 666 ἐπὶ
998 637 1073 672 ταῖς
1095 634 1366 677 ὡμολογημέναις
1388 634 1573 672 συνθήκαις
1589 636 1684 678 αὐτῷ

339 686 423 727 πρὸς
439 685 499 716 τὸν
514 682 707 721 Ἀθηναίων
723 679 843 722 δῆμον,
857 679 1243 723 συμπεριλαμβάνοντας
1261 680 1315 711 καὶ
1329 679 1406 717 τοὺς
1422 678 1583 722 ἑκατέρων
1600 692 1681 724 συμ-

336 730 477 772 μάχους.
511 728 668 771 Πρέςβεις
683 725 853 769 ᾑρέθησαν
871 726 1044 768 Εὔβουλος
1058 725 1315 768 Ἀναφλύστιος,
1333 726 1499 768 Αἰσχίνης
1512 725 1679 770 Ἀτρομή-

337 789 395 807 του
412 775 614 815 Κοέίωκίδης,
628 775 828 816 Κηφισοφῶν
844 772 1074 816 Ῥαμνούσιος,
1093 772 1310 816 Δημοκράτης
1326 772 1466 815 Φλυεύς,
1484 772 1601 807 Κλέων
1615 778 1681 807 Κοω

335 821 486 860 ἓωκίόης.

642 890 653 909 ¹
666 887 748 929 [τῆς]

219 952 325 988 storia,
353 955 383 981 et
407 960 494 980 nemo
518 953 575 984 est,
601 947 652 987 qui
677 959 743 978 eam
766 948 929 979 auctorita-

220 1001 279 1026 tem
295 996 326 1025 in
339 994 463 1024 dubium
488 1001 596 1022 vocare
613 991 698 1021 velit.
743 993 819 1022 Sero
834 991 930 1031 igitur

219 1039 466 1068 describebantur
490 1046 525 1065 ea
548 1034 756 1073 Exemplaria,
782 1045 850 1074 quae
876 1035 929 1065 de-

217 1086 302 1111 creta
323 1080 445 1120 publica
460 1079 493 1107 in
509 1077 706 1108 Orationibus
731 1077 819 1107 bisce
846 1088 929 1109 com-

217 1125 412 1162 plectuntur:
436 1122 511 1151 Sero
536 1130 609 1150 sane
636 1131 672 1150 ea
697 1120 929 1160 Exemplar-ium

216 1166 355 1202 Familia,
371 1176 410 1196 ex
426 1175 484 1203 qua
500 1163 648 1203 originem
663 1163 755 1193 duxit
768 1164 846 1193 Cod.
858 1165 928 1196 MS.

218 1209 349 1248 Regius,
365 1211 403 1239 de
419 1218 478 1247 quo
494 1206 605 1246 agitur.
652 1207 864 1236 Exarabantur
881 1218 926 1239 sc.

216 1253 253 1281 ad
271 1253 430 1282 Fastorum
456 1260 546 1279 aeram
566 1248 727 1290 vulgarem,
751 1250 789 1279 ad
801 1251 928 1289 popula-

215 1305 276 1324 rem
291 1294 440 1324 Tribuum
461 1292 682 1329 recensionem,
704 1292 743 1322 ad
759 1302 869 1330 seram,
884 1297 928 1323 at-

215 1347 287 1375 que,
299 1341 332 1367 ut
346 1337 389 1367 ita
404 1337 513 1370 dicam,
528 1335 750 1370 mmierniorem,
766 1335 860 1375 Reip.
875 1336 928 1366 ha-

215 1380 323 1409 bendae
347 1379 505 1413 rationem,
528 1378 567 1407 ad
582 1387 673 1407 usum
695 1387 875 1408 communem
897 1383 928 1409 et

213 1423 376 1462 publicum,
392 1432 429 1452 ea
443 1419 573 1459 denique
592 1420 662 1455 fide,
684 1419 724 1450 iis
745 1421 928 1457 rationibus,

215 1476 254 1496 ea
266 1469 340 1502 arte,
353 1469 387 1495 ut
396 1463 523 1496 ’Ἒκδοσις
539 1462 554 1492 δ
565 1475 579 1493 η
588 1474 617 1503 μ
628 1462 648 1492 ὠ
657 1462 673 1492 δ
683 1475 697 1494 η
707 1474 720 1496 ς
734 1473 843 1494 revera
858 1473 926 1495 esse

215 1513 350 1548 poterat,
365 1512 454 1546 atque
477 1506 521 1535 ita
534 1506 750 1536 nominaretur.
794 1506 893 1536 Hisce
909 1517 928 1537 a

215 1562 265 1580 ine
281 1550 451 1581 observatis
465 1558 557 1578 unum
569 1552 660 1587 atque
672 1549 799 1579 alterum
813 1549 927 1579 addere

214 1594 314 1624 liceat.
358 1594 449 1627 Haec,
471 1595 503 1620 et
524 1591 676 1630 ejusmodi
691 1591 926 1631 *Psephismatffi

216 1638 316 1675 Leges
338 1639 369 1666 et
385 1636 584 1665 Monumenta
605 1633 768 1672 aliquando
794 1635 825 1664 in
850 1635 927 1665 anti-

215 1680 284 1718 quis
299 1677 485 1709 Membranis
496 1677 616 1710 desunt,
627 1677 788 1716 aliquando
801 1677 833 1706 in
848 1688 926 1707 mar-

217 1723 286 1762 gine
308 1721 403 1751 minio
430 1724 482 1749 aut
507 1723 672 1748 atramento
698 1719 925 1753 describuntur,

214 1765 261 1795 uti
275 1761 540 1801 Lindenbrogiano
555 1765 660 1790 nostro
677 1761 768 1789 MSto
783 1760 924 1799 contigit.

215 1808 266 1837 Ita
288 1807 421 1847 quidem,
449 1805 474 1834 si
500 1804 594 1833 verba
619 1803 841 1841 Lindenbrogii
867 1803 924 1832 rite

213 1849 422 1889 interpretor:
445 1847 533 1877 Τοῦτο
555 1844 589 1875 τὸ
608 1844 753 1885 ψήφισμα,
778 1845 878 1875 λείπει
899 1845 926 1875 ἐν

214 1892 340 1931 παλαιῷ
367 1890 467 1932 (quod
500 1888 642 1919 similiter
670 1899 775 1918 verum
806 1893 854 1918 est
884 1888 924 1919 de

214 1933 364 1975 omnibus)
376 1931 444 1963 ἀλλ’
456 1931 483 1961 ἐν
497 1941 537 1960 σε
547 1936 565 1959 λ
574 1929 584 1960 ι’
591 1931 634 1966 δι,
647 1930 739 1973 ὥσπερ
754 1930 844 1962 ἄλλου
855 1930 925 1966 τινός

212 1977 461 2017 ἂναγιγνώσκετοιι.
505 1973 713 2004 Doctissimus
741 1985 815 2014 ergo
843 1975 924 2005 Con-

212 2025 347 2056 tarenus,
362 2019 415 2059 qui
435 2019 467 2048 in
481 2015 583 2046 Variis
602 2017 800 2048 Lectionibus
816 2017 922 2057 dispu-

213 2068 259 2093 tat
280 2064 320 2093 de
334 2063 395 2092 fide
410 2061 499 2100 hujus
512 2059 750 2100 Psephismatis,
770 2065 835 2090 tum
851 2060 923 2100 quia

212 2107 350 2136 Praetore
372 2105 467 2134 latum
497 2112 565 2133 esse
593 2103 717 2139 dicitur,
743 2103 795 2143 qui
820 2104 922 2134 Fastis

211 2149 389 2188 ignoratum
405 2152 468 2177 tum
484 2146 554 2186 quia
568 2145 623 2175 has
635 2147 739 2176 turbas
755 2147 923 2176 Chronolo·

213 2192 298 2231 gicas
321 2190 452 2226 dederit,
475 2189 506 2219 in
534 2189 643 2228 quibus
658 2189 845 2220 extricandis
858 2191 923 2229 jam

212 2244 417 2274 occupamur;
444 2236 599 2272 postremo
624 2232 757 2272 denique
781 2233 922 2272 quoniam

211 2277 242 2306 in
252 2287 290 2307 eo
307 2278 344 2307 de
355 2277 453 2317 quinis
465 2275 654 2305 solummodo
667 2276 793 2315 Legatis
810 2276 920 2316 agitur,

212 2330 282 2350 cum
296 2320 392 2350 decem
406 2318 503 2349 fuisse
514 2318 723 2357 perhibentur,
731 2318 833 2357 potuit
847 2319 920 2349 snb-

214 2364 322 2393 lestam
341 2367 373 2392 et
393 2362 472 2392 hanc
487 2371 608 2400 qnoque
625 2362 716 2391 fidem
736 2362 799 2391 snis
821 2362 922 2401 suspi-

212 2406 350 2436 cionibus
374 2404 540 2440 addidisse,
559 2404 700 2443 quoniam
723 2415 740 2434 e
761 2404 922 2444 marginali

212 2453 303 2488 atque
319 2448 416 2478 aliena
428 2457 518 2477 manu
538 2447 688 2486 proficisci
705 2446 838 2477 videtur.
862 2448 922 2478 Ve-

212 2502 290 2527 rum,
303 2496 339 2521 ut
353 2490 434 2526 dixi,
444 2490 535 2520 latius
548 2494 686 2530 serperet
697 2499 733 2519 ea
750 2490 921 2528 Dubitatio,

212 2539 243 2564 et
257 2535 384 2564 multum
408 2533 580 2564 detraheret
603 2542 643 2562 ex
664 2533 846 2562 auctoritate
869 2543 922 2563 eo-

211 2588 277 2607 rum
293 2578 451 2612 Actorum,
467 2576 578 2615 quibus
593 2575 686 2605 hodie
700 2575 762 2605 fere
781 2575 922 2606 innititur

211 2620 314 2650 Attica
336 2618 591 2659 jurisprudentia.
635 2619 677 2648 Et
699 2618 840 2649 obtinere
856 2619 923 2658 qui-

212 2663 281 2692 dem
293 2663 408 2702 pluries
424 2661 636 2698 animadverti,
645 2666 679 2691 ut
694 2671 753 2691 una
764 2662 921 2692 MStorum

213 2705 316 2735 Series
343 2711 374 2735 et
399 2705 530 2735 Familia
552 2704 617 2734 sine
638 2704 771 2744 publicis
786 2704 854 2734 istis
869 2706 921 2735 In-

213 2748 386 2777 strumentis
411 2749 624 2784 deduceretur,
649 2747 708 2777 alia
727 2747 759 2778 iu
785 2748 921 2787 margine

210 2791 337 2820 baberet
349 2790 518 2830 descripta:
535 2801 601 2830 qnae
617 2790 729 2820 deinde
742 2790 774 2820 in
785 2792 919 2821 Textum

211 2832 446 2863 insinuarentur.
490 2834 640 2870 Alterum,
667 2834 751 2873 quod
772 2833 856 2870 dico,
872 2839 920 2864 est

211 2876 373 2914 ejusmodi.
416 2876 493 2906 Cum
514 2877 543 2906 in
566 2877 643 2907 eod.
658 2882 763 2907 nostro
783 2876 918 2907 Vindob.

212 2919 250 2947 ad
264 2929 369 2949 vocem
385 2917 628 2958 Ἑκατομβαιῶνος
643 2924 812 2956 annotatur,
822 2929 918 2959 expo—

213 2960 329 2991 sitionis
343 2961 425 2998 loco,
439 2960 572 3002 Μαρτίου,
596 2973 725 3003 eumque
743 2968 917 3003 computum

213 3004 426 3044 utplurimum
448 3008 550 3035 teneat
572 3005 731 3045 Ulpianus,
755 3006 885 3045 ideoque
901 3017 919 3038 a

1179 888 1249 928 ²793

963 947 1040 978 viris
1064 947 1192 978 eruditis
1214 946 1328 987 corrigi
1349 948 1438 984 solet,
1452 951 1619 988 potuerunt
1633 952 1678 979 ta·

963 1002 1033 1021 men
1060 991 1127 1021 haec
1156 1001 1226 1021 esse
1256 990 1376 1021 veriora
1394 993 1481 1030 juxta
1507 991 1677 1022 Chronolo·

964 1033 1056 1073 giam,
1079 1045 1147 1073 quae
1172 1034 1235 1064 ista
1248 1039 1338 1064 aetate
1353 1034 1499 1070 obtinuit,
1516 1044 1560 1064 sc.
1575 1035 1676 1065 redin-

963 1081 1083 1116 tegrato
1099 1077 1289 1107 Kalendario
1304 1077 1536 1107 Atheniensium
1550 1089 1557 1114 3
1578 1081 1609 1106 et
1624 1079 1676 1117 ju-

962 1124 1018 1150 xta
1049 1130 1148 1150 meam
1174 1120 1370 1159 Hypothesin
1400 1120 1466 1150 fieri
1496 1120 1607 1160 potuit,
1641 1128 1676 1149 ut

962 1172 1058 1192 verna
1068 1161 1222 1203 Ἲσημεςία,
1234 1173 1300 1202 quae
1317 1163 1399 1201 apud
1416 1163 1534 1202 priscos
1550 1163 1677 1192 Atheni-

962 1215 1052 1236 enses
1075 1206 1107 1236 in
1122 1206 1394 1246 Elaphebolionem
1413 1205 1579 1241 incidebat,
1602 1207 1677 1244 jam,

962 1257 1044 1278 novo
1060 1249 1166 1278 ordine
1190 1248 1376 1284 introducto,
1391 1249 1485 1286 juxta
1508 1249 1674 1278 Hecatom-

962 1291 1098 1321 baeonem
1114 1292 1247 1321 caderet.
1291 1291 1410 1322 Verum
1432 1291 1500 1321 haeo
1522 1301 1582 1320 non
1602 1301 1674 1320 con-

962 1338 1078 1364 stanter
1092 1335 1173 1365 dico.
1216 1335 1326 1373 Neque
1340 1334 1421 1363 enim
1436 1343 1557 1372 semper
1572 1343 1675 1364 secum

962 1378 1128 1407 concordat
1149 1377 1318 1416 Ulpianus,
1340 1386 1439 1415 neque
1464 1378 1530 1414 ejus
1552 1377 1674 1416 conspi-

960 1425 1030 1450 rant
1045 1420 1257 1459 Exemplaria.
1300 1419 1459 1449 TAYLOR.

1007 1461 1253 1503 ’Ἑκατομβαιῶνος
1266 1461 1308 1500 ἕνῃ
1323 1459 1441 1500 καῖνὲα]
1465 1460 1529 1491 Εἴτε
1542 1460 1582 1502 ‘rii'
1595 1472 1674 1501 ‘rgia-

959 1506 1024 1536 aaz&
1039 1505 1294 1543 Ἑκατομβαιῶνος,
1321 1501 1385 1541 &breg
1410 1501 1550 1542 εἶκότεξον·
1567 1502 1622 1533 εἴτε
1637 1503 1677 1544 τῇ

959 1546 1097 1589 νουμηνίᾳ.
1110 1544 1308 1574 Melanchtho
1321 1555 1327 1573 :
1340 1544 1449 1574 Mensis
1459 1544 1483 1574 J
1483 1547 1549 1575 unii
1557 1546 1605 1576 die
1611 1546 1674 1586 pri-

959 1601 1015 1621 mo,
1039 1587 1217 1616 Perionius:
1231 1586 1336 1617 Pridie
1347 1586 1671 1619 Cal.Julii.Meletus:

960 1632 1067 1663 ultimo
1081 1630 1128 1659 die
1143 1630 1248 1659 mensis
1260 1629 1515 1660 Hecatombaeonz's.
1531 1631 1652 1663 WVoLr.

1003 1671 1167 1714 Δεδόχῖἑαι]
1191 1672 1272 1702 Vide
1305 1673 1474 1702 secundum
1502 1673 1672 1713 Argumen-

958 1720 1024 1746 tum
1051 1716 1178 1753 hujusce
1207 1714 1376 1751 Orationis,
1400 1716 1454 1745 ubi
1483 1715 1518 1745 δε
1529 1716 1598 1757 δόχ
1610 1716 1624 1746 θ
1634 1728 1653 1746 α
1664 1730 1673 1747 ι

957 1758 1065 1788 itidem
1081 1757 1199 1788 exarari
1211 1757 1287 1787 fecit
1301 1758 1450 1794 VVolfius,
1463 1763 1569 1789 contra
1581 1760 1672 1790 tidem

958 1802 1182 1841 Impressorum
1207 1801 1439 1840 MStorumque.
1499 1802 1562 1831 Hic
1592 1803 1671 1833 cod.

959 1845 1094 1884 Guelph.
1114 1844 1147 1873 δε
1158 1844 1173 1873 δ
1185 1842 1293 1885 ὄχθαι)
1307 1845 1411 1880 habet,
1424 1848 1458 1874 ut
1473 1843 1516 1873 ibi
1531 1850 1673 1875 constan-

958 1888 1075 1918 tissime
1085 1887 1328 1917 describebatur.
1373 1888 1423 1917 Ita
1435 1887 1526 1917 etiam
1538 1889 1670 1918 Vindob.

956 1936 1070 1961 noster.
1114 1929 1196 1960 Vide
1213 1929 1375 1960 Demosth.
1392 1930 1435 1970 §§.
1457 1929 1515 1965 κζ’.
1536 1929 1590 1970 κζ’.
1618 1930 1671 1962 λδ’.

956 1974 1007 2005 λε’.
1031 1973 1138 2004 AEsch.
1154 1983 1188 2003 π.
1201 1972 1387 2013 Παραπρεσβ.
1404 1984 1475 2012 pag.
1492 1975 1565 2003 240.
1581 1977 1612 2004 6.
1628 1975 1668 2005 R.

958 2018 1030 2048 259.
1055 2017 1111 2046 ult.
1134 2017 1168 2046 Τ.
1215 2016 1256 2045 Et
1286 2020 1414 2055 utraque
1442 2016 1552 2046 Lectio
1574 2018 1670 2055 proba

957 2069 1025 2090 esse
1040 2059 1166 2099 poterit.
1212 2059 1290 2088 Cum
1304 2059 1460 2089 Infinitive
1476 2058 1590 2089 dicitur
1609 2059 1669 2100 (δε-

957 2102 1070 2144 δόχθαι,
1100 2100 1248 2142 Placere‚)
1284 2101 1355 2131 talis
1389 2105 1438 2132 est
1469 2103 1669 2139 constructio,

957 2146 1078 2185 qualem
1101 2145 1192 2174 video
1207 2145 1236 2174 in
1253 2143 1426 2183 Rogatione
1447 2144 1575 2175 inferius
1598 2156 1669 2184 pro—

957 2189 1049 2219 ducta
1062 2189 1088 2229 §.
1105 2187 1160 2225 κγ’.
1173 2188 1224 2217 ubi
1237 2188 1392 2223 Clausula,
1405 2198 1492 2226 quam
1506 2188 1672 2228 Legislati-

957 2242 1026 2262 vam
1037 2235 1148 2261 vocant
1159 2230 1190 2260 in
1201 2235 1305 2260 nostro
1321 2230 1409 2268 Jure,
1424 2230 1470 2261 ita
1481 2231 1653 2270 concipitur
1665 2243 1672 2261 ε

956 2273 1020 2305 ἔπι
1029 2286 1056 2315 μ
1067 2285 1078 2305 ε
1088 2280 1129 2304 λη
1138 2273 1161 2303 8
1170 2275 1185 2304 ἦ
1196 2285 1234 2302 να
1243 2285 1252 2302 ι
1278 2274 1342 2307 τοὶς
1371 2273 1521 2314 Πςυτάνεις
1543 2274 1590 2303 καὶ
1607 2275 1671 2308 τοὺς

957 2317 1143 2359 Στρατηγούς.
1189 2317 1280 2347 Istud
1301 2316 1392 2346 etiam
1418 2317 1532 2346 addere
1555 2317 1667 2347 liceat:

956 2361 1138 2400 Ubicunque
1159 2360 1274 2401 legitur
1300 2358 1427 2389 δέδοκται
1450 2359 1534 2400 (nain
1558 2364 1589 2389 et
1611 2360 1669 2389 hoc

955 2404 1069 2443 legitur
1098 2413 1232 2443 quoque,
1261 2406 1296 2432 ut
1324 2401 1357 2432 in
1386 2403 1586 2433 celeberrimo
1607 2402 1668 2433 isto

957 2444 1132 2487 ψηφίσματι
1147 2445 1367 2477 Demosthenis
1383 2445 1463 2475 infra
1478 2445 1504 2484 §.
1516 2444 1551 2475 νέ.
1568 2449 1599 2475 et
1613 2455 1667 2484 pa-

956 2490 1031 2521 riter
1056 2491 1139 2530 apud
1162 2489 1331 2520 Lucianum
1356 2488 1386 2517 in
1410 2487 1537 2518 Timone
1559 2487 1584 2526 §.
1600 2487 1671 2528 51.)

955 2532 999 2563 ibi
1015 2543 1089 2563 sane
1103 2532 1263 2562 levissima
1285 2534 1317 2560 et
1334 2530 1482 2560 facillima
1502 2530 1672 2560 emendati-

957 2586 1027 2611 one,
1053 2586 1235 2615 reponerem
1260 2571 1400 2614 δεδόχθαι.
1443 2574 1523 2603 Nam
1550 2573 1666 2610 verbis,

955 2623 990 2649 ut
1019 2617 1115 2655 aiunt,
1141 2618 1307 2657 precativis,
1334 2626 1394 2646 non
1423 2616 1592 2657 categoricis
1618 2621 1669 2646 ant

956 2661 1162 2696 enunciativis,
1184 2659 1374 2699 Rogationes
1397 2658 1521 2698 concipi
1556 2659 1668 2696 solent,

955 2709 991 2734 ut
1019 2714 1123 2734 earum
1148 2703 1207 2734 fert
1235 2705 1352 2732 natura.
1383 2701 1538 2732 TAYLoR.
1572 2701 1666 2742 εἰρήνης

955 2745 1020 2787 πρὸς
1031 2745 1186 2780 Ἀθηναίους
1200 2744 1425 2786 ὁμολογουμένας
1440 2744 1592 2777 πεποίηται
1602 2757 1667 2776 συν-

954 2789 1048 2824 θήκας
1062 2789 1198 2830 δεδόχθαι
1210 2788 1299 2827 Tayl.

998 2831 1353 2874 Συμωεςιλαμβίινοντας]
1377 2830 1459 2861 Vide
1474 2831 1498 2871 §.
1510 2829 1558 2863 ιβ’.
1568 2829 1597 2860 in
1612 2831 1663 2860 fin.

952 2875 1043 2915 §.27¹0
1058 2878 1216 2907 TAYLoR.
1233 2885 1264 2906 v.
1276 2877 1327 2905 10.
1341 2874 1429 2904 deest
1442 2871 1618 2914 Ἀτρομήτου
1633 2874 1664 2904 iu

955 2919 1106 2959 efflTayl.

995 2961 1146 3002 Πρέσβεις]
1172 2958 1333 3000 ’amem-{ov
1359 2959 1420 3001 πεξῖ
1443 2959 1492 2988 τοῦ
1508 2960 1562 2990 τῶν
1577 2957 1664 3000 πρέσ-

953 3004 1022 3038 Βεων
1033 3005 1168 3046 ἆςιθμοῦ.
1191 3004 1342 3045 Μιεηψε.
1369 3003 1524 3034 Tanou-
