1928 3284
258 193 368 246 360

255 327 376 354 annos
397 312 692 359 Lacedaemonii,
714 312 932 363 gravissima
954 310 1067 348 clade
1086 308 1231 355 afflicti,
1249 308 1393 346 Atticae
1414 308 1562 346 civitati
1577 309 1707 346 aemuli

257 377 444 429 potentiae
475 375 672 414 desierant
699 388 797 420 esse,
822 372 1003 411 Thebani
1030 377 1177 417 contra,
1205 371 1254 409 ad
1284 383 1472 408 summanr
1506 369 1707 420 imperium

260 439 436 478 celeriter
462 437 622 488 gradum
653 436 854 480 facientes,
875 433 980 471 omni
1000 433 1170 471 Graeciae
1200 433 1451 482 impotentem
1472 431 1707 469 dominatum

258 500 524 544 minabantur;
556 498 692 536 horum
713 495 848 534 odium
868 500 906 532 et
927 500 1063 540 metm,
1085 495 1168 544 ipsa
1187 494 1380 532 vicinitate
1399 493 1624 531 Thebarum
1643 505 1709 530 au-

259 569 358 607 ctus,
380 559 642 598 Athenienses
663 556 824 596 callidos
843 568 1050 605 rerumque
1077 555 1224 606 peritos
1245 555 1357 594 facile
1378 568 1425 594 eo
1450 554 1645 606 perduxit,
1668 560 1711 592 ut

258 624 307 662 ad
323 623 476 660 illorum
497 620 703 658 amicitiam
720 632 759 657 se
778 617 1034 669 applicarent,
1052 629 1142 654 cum
1158 616 1280 667 iisque
1301 617 1528 655 societatem
1547 615 1711 665 conjun-

256 690 403 736 gerent.
459 685 514 720 At
539 682 624 719 haec
650 679 828 718 nimirum
862 677 973 716 nimis
995 691 1091 728 vaga
1121 685 1221 716 sunt.
1277 678 1419 728 Neque
1448 678 1564 716 etiam
1591 677 1711 727 magis

255 754 366 785 certa
385 745 481 783 ratio
501 744 587 782 iniri
613 749 743 794 potest
762 756 809 780 ex
828 741 888 787 iis,
909 753 998 792 quae
1020 741 1171 779 Orator
1196 741 1245 778 de
1264 741 1424 791 publica
1440 740 1570 791 inopia
1590 740 1711 778 Athe-

259 820 394 846 narum
407 813 446 844 et
462 805 650 844 exhausto
667 804 804 843 aerario
820 803 1022 854 queritur.e
1052 802 1286 853 Opportune
1298 803 1374 841 alia
1389 803 1529 842 suntin
1542 809 1710 853 promtu,

260 882 348 919 quae
369 881 439 905 nos
459 867 507 905 ad
529 867 639 911 illud,
660 866 766 916 quod
787 865 1010 916 quaerimus,
1030 864 1192 914 propius
1211 864 1370 902 ducant.
1426 864 1526 902 Nam
1546 877 1609 902 res
1633 876 1711 901 me-

258 936 456 968 morantur
482 928 727 979 Olympiadis
747 932 838 973 105,
859 925 996 978 Pydna
1016 924 1199 963 videlicet
1219 932 1259 963 et
1278 925 1471 970 Potidaea,
1492 938 1515 963 a
1529 924 1712 975 Philippo

258 996 479 1042 occupatae,
499 996 540 1028 et
558 990 735 1027 interitus
751 988 946 1034 Chabriae,
968 986 1087 1038 quiin
1103 986 1270 1038 primum
1289 1000 1431 1025 annum
1448 986 1540 1025 belli
1559 985 1713 1025 socialis

257 1051 426 1092 incidit-‘¹
479 1052 579 1090 Tum
613 1052 688 1089 alia
719 1050 905 1102 proximae
936 1048 1182 1100 Olympiadis
1211 1056 1454 1095 succurrunt,
1485 1049 1711 1100 Dionysius,

258 1116 373 1161 filius,
400 1128 421 1153 e
450 1126 572 1165 reguo
601 1113 786 1164 expulsus
815 1126 838 1150 a
858 1111 1000 1162 Dione,
1020 1117 1060 1148 et
1088 1111 1233 1162 Leuce,
1254 1117 1438 1162 tyrannus
1460 1111 1640 1162 Bospori,
1669 1117 1713 1148 ut

259 1190 378 1227 quum
405 1175 568 1213 maxime
587 1174 726 1225 opibus
746 1173 888 1212 florens
909 1178 1027 1222 atque
1049 1171 1242 1221 imperio.e
1297 1173 1418 1222 Atqui
1446 1173 1548 1210 hunc
1569 1171 1713 1222 princi·-

256 1252 345 1290 pem
372 1238 535 1289 Olymp.
557 1241 651 1283 106,
680 1241 718 1275 3.
749 1241 907 1273 mortem
932 1232 1091 1278 obiisse,
1123 1232 1227 1283 apud
1256 1233 1477 1271 Diodorum
1507 1233 1712 1284 perspicue

250 1300 443 1340 ‚traditum
472 1303 545 1337 est.
600 1299 686 1337 Jam
717 1297 756 1334 in
787 1295 985 1334 cumulum
1013 1293 1170 1332 accedit
1199 1294 1310 1332 locus
1330 1294 1510 1345 Dionysii
1539 1294 1714 1332 Halicar-

255 1359 407 1408 nassei,‘
423 1362 523 1399 hanc
553 1359 602 1398 de
636 1357 943 1397 immunitatibus
964 1355 1191 1394 Orationem
1221 1356 1399 1394 testantis
1428 1355 1603 1394 habitam
1628 1367 1712 1393 esse

654 199 813 248 FRID'.
847 204 982 247 AUG.
1017 203 1239 245 WOLFH

302 1488 315 1504 0
332 1483 418 1512 Orat.
439 1488 462 1520 §-
481 1493 507 1511 η.
524 1478 576 1510 κδ’.
601 1479 713 1510 amed.
758 1477 910 1508 Continuo
926 1480 970 1506 ta·
1008 1476 1176 1508 videantur.
1234 1478 1283 1506 De
1311 1478 1378 1515 ejus
1407 1486 1481 1506 cura
1507 1473 1715 1514 vectigalium,

257 1535 326 1555 men
340 1525 407 1554 haec
430 1523 554 1559 faciunt,
571 1528 604 1553 ut
623 1520 739 1552 versari
760 1520 817 1550 tibi
840 1519 971 1549 videaris
1006 1519 1153 1559 Reipubl.
1186 1519 1443 1554 fructuosissima,
1472 1519 1546 1549 vide
1575 1517 1716 1557 quamvis

257 1569 290 1598 in
306 1573 444 1606 tempore
458 1565 534 1596 belli
556 1565 680 1595 socialis
698 1564 745 1594 vel
768 1562 909 1602 proxime
923 1561 969 1591 in-
1005 1561 1128 1592 diverse
1156 1566 1278 1593 narrata
1307 1562 1389 1600 apud
1418 1561 1574 1591 Plutarch.
1599 1561 1619 1590 l.
1634 1571 1661 1589 c.
1682 1570 1714 1599 p.

260 1615 378 1641 secuto.
423 1609 474 1638 Sic
504 1619 578 1638 vero
605 1607 725 1638 mireris
743 1607 917 1640 Oratorem,
943 1604 970 1634 si
1005 1608 1080 1636 841.
1101 1606 1136 1634 B.
1154 1610 1185 1636 et
1213 1607 1288 1636 852.
1316 1606 1352 1634 B.
1379 1603 1450 1634 coll.
1471 1603 1594 1643 Taylori
1622 1603 1716 1633 Praef.

260 1655 300 1684 de
324 1652 472 1683 classibus
498 1650 577 1693 (περὶ
604 1648 784 1691 συμμοξιῶν)
806 1648 905 1678 oravit
927 1647 969 1676 O-
1005 1647 1046 1676 ad
1063 1648 1195 1688 Lycurgi
1207 1649 1293 1677 Orat.
1311 1652 1341 1677 et
1357 1646 1550 1686 Wesseling.
1566 1647 1603 1675 ad
1623 1646 1716 1676 Diod.

260 1698 357 1737 lymp.
372 1697 445 1731 106,
468 1697 512 1730 3.
526 1704 594 1733 quae
610 1693 752 1731 Dionysii
776 1691 880 1721 Halic.
902 1700 969 1720 sen·
1005 1689 1066 1719 Sic.
1083 1690 1176 1720 XVI.
1193 1692 1244 1720 88.

260 1740 357 1769 tentia
370 1743 428 1775 est,
445 1747 504 1776 qua
515 1737 637 1766 tandem
653 1735 769 1766 ratione
785 1734 829 1763 ibi
843 1743 875 1773 p.
893 1735 967 1764 136.
1048 1732 1063 1754 d
1076 1732 1153 1762 vVid.
1169 1732 1194 1772 ς.
1212 1731 1252 1762 ιε’.
1270 1737 1301 1762 et
1316 1731 1362 1771 ιζ’.
1376 1735 1407 1761 et
1416 1731 1458 1761 ibi
1474 1732 1645 1762 Comment.

262 1781 381 1813 Atticas
411 1791 487 1820 opes
523 1779 637 1810 ceteris
666 1777 842 1807 civitatibus
870 1785 969 1815 prope

262 1825 402 1855 omnibus
428 1823 619 1862 aequiparare
643 1821 784 1861 potuerit.
839 1820 901 1849 Sed
925 1819 972 1849 ita

262 1879 345 1908 saepe
369 1869 514 1897 Oratores
537 1864 686 1904 temporis
709 1872 816 1893 caussa
839 1863 879 1892 de
911 1862 972 1891 Re-

261 1912 349 1951 publ.
370 1920 427 1940 sua
450 1908 560 1939 elatius
576 1909 693 1942 dicunt,
714 1916 804 1945 qnam
825 1915 882 1944 pro
898 1915 972 1935 vera

263 1954 439 1984 conditione
450 1961 562 1982 rernm.
575 1952 754 1989 Quanquam
768 1959 805 1978 ne
817 1948 894 1978 illud
904 1947 971 1986 qui

262 1998 332 2027 dem
351 1995 471 2027 omnino
493 1995 570 2024 salso
595 1993 711 2023 dictum
735 1992 866 2022 videtur.
911 1990 971 2021 Illo

262 2045 364 2070 autem
380 2045 516 2077 tempore
535 2047 625 2075 quarn
641 2045 786 2066 summam
811 2033 973 2073 quotannis

263 2084 295 2113 in
310 2084 387 2122 Rep.
397 2081 498 2112 Attica
510 2080 630 2109 reditus
642 2078 759 2119 publici
775 2076 973 2112 confecerint,

266 2136 369 2164 neque
395 2135 432 2154 ex
459 2123 655 2157 Oratoribus,
679 2131 748 2156 nec,
771 2121 854 2170 quod
881 2120 973 2149 sciam

264 2168 388 2199 aliunde
414 2168 522 2205 liquet.
563 2166 653 2195 Certe
668 2164 756 2193 locus
778 2163 810 2192 in
834 2162 973 2201 Philipp.

264 2212 335 2246 IV.,
348 2209 400 2240 nbi
415 2208 582 2248 vectigalia
596 2206 733 2237 civitatis
749 2215 894 2235 summam
912 2206 974 2235 130

263 2254 411 2285 talentum
425 2263 484 2282 non
515 2261 660 2290 superare
683 2249 837 2284 dicuntur,
861 2248 899 2277 ad
922 2258 974 2277 su-

264 2297 387 2337 periora
412 2300 553 2334 tempora
568 2294 711 2333 pertinet,
738 2292 763 2321 si
781 2302 840 2331 qua
855 2291 974 2320 omnino

266 2341 343 2370 fides
359 2343 407 2368 est
433 2337 573 2368 Orationi
602 2337 659 2371 illi,
687 2345 775 2375 quam
798 2334 975 2364 Orationem

264 2380 518 2416 Valckenaerius,
530 2380 619 2419 plane
631 2390 677 2409 me
692 2378 850 2418 probante,
866 2386 975 2416 snspe—

265 2430 344 2456 ctam
374 2425 466 2455 habet
487 2423 518 2453 in
547 2424 623 2453 Not.
651 2422 689 2451 ad
715 2422 799 2451 Orat.
822 2430 907 2450 suam
936 2420 975 2449 de

265 2469 414 2507 Philippo
430 2467 553 2497 Maced.
573 2478 602 2506 p.
626 2465 700 2495 251
744 2464 846 2494 Multo
871 2462 974 2502 potius

264 2513 356 2542 fidem
371 2511 537 2540 habendam
554 2514 659 2548 putem
673 2507 790 2537 auctori
805 2507 884 2536 inter
900 2506 974 2535 Plu-

265 2554 390 2586 tarchea
405 2554 443 2583 de
461 2552 541 2582 Vitis
563 2553 609 2582 X.
639 2551 709 2580 Orr.
731 2550 767 2579 T.
784 2550 828 2579 ΙΙ.
853 2559 884 2588 p.
899 2550 972 2579 842.

265 2599 317 2632 E„
338 2597 390 2636 qui
405 2600 519 2631 narrat,
536 2595 653 2625 reditus
676 2603 694 2622 a
710 2594 852 2632 Lycurgo
869 2595 974 2621 auctos

266 2651 315 2670 ess
319 2651 334 2670 e
351 2640 389 2669 ad
407 2641 490 2670 1200
507 2638 665 2672 talentum,
684 2645 774 2675 quum
795 2634 882 2673 prius
900 2634 974 2664 fuis-

267 2688 336 2713 sent
363 2685 415 2713 60.
461 2682 540 2711 Nam
568 2681 751 2719 conjecturae
777 2676 910 2707 Meursii
934 2677 973 2706 de

265 2727 353 2756 Fort.
373 2727 437 2755 Att.
453 2735 481 2753 c.
497 2725 528 2754 ¹7.
546 2735 603 2754 non
622 2723 749 2753 multum
765 2721 878 2751 tribuo.
934 2720 974 2750 Id

267 2779 341 2799 vero
357 2768 431 2798 mihi
447 2777 506 2796 non
527 2767 654 2796 dubium
683 2769 742 2801 est,
759 2762 905 2803 Lycurgi,
921 2763 974 2802 qui

267 2814 379 2842 Orator
392 2821 448 2850 per
463 2813 504 2840 12
520 2820 613 2840 anuos
637 2808 746 2839 aerario
768 2806 903 2846 praefuit,
923 2806 974 2835 ad-

264 2853 521 2884 ministrationem
536 2853 613 2884 hanc
624 2850 754 2891 tempori
763 2849 973 2889 assignandam

267 2907 334 2926 esse
364 2896 511 2927 Oratione
541 2901 642 2926 nostra
671 2893 848 2934 posteriori,
874 2892 918 2922 ita
941 2896 976 2921 ut

263 2940 344 2969 bona
372 2945 446 2970 vota
474 2938 689 2969 Demosthenis
719 2941 862 2967 eventum
887 2944 974 2965 suum

265 2981 458 3021 potissimum
493 2992 549 3021 per
585 2983 666 3012 hunc
697 2980 796 3011 virum
828 2977 974 3009 habuisse

1048 1780 1062 1796 θ
1074 1775 1146 1805 Vid.
1159 1775 1185 1815 §.
1202 1774 1258 1814 λζ’.
1274 1780 1304 1804 et
1317 1775 1358 1805 θ’.
1377 1785 1463 1814 seqq.
1506 1775 1556 1804 Ibi
1580 1774 1610 1804 ia
1625 1774 1716 1804 Com·

1004 1819 1151 1848 mentario
1173 1819 1326 1858 legantur,
1350 1827 1418 1856 qnae
1438 1818 1478 1847 de
1492 1817 1550 1846 hoc
1573 1818 1715 1847 Leucone

1004 1860 1127 1900 cognita
1140 1861 1295 1891 habemus.
1333 1859 1480 1901 Ἀρχοντα.
1503 1870 1572 1890 eum
1604 1861 1717 1890 Demo-

1005 1904 1128 1933 sthenes
1166 1904 1312 1943 appellat,
1351 1913 1409 1932 non
1441 1902 1572 1943 τύραννον,
1602 1902 1716 1943 quippe

1005 1946 1158 1977 hominem
1189 1946 1365 1987 gratiosum,
1396 1950 1428 1975 et
1457 1956 1537 1982 eum,
1568 1947 1656 1984 cnjus
1686 1946 1717 1975 in

1006 1990 1171 2029 Rempubl.
1188 1989 1297 2020 merita
1321 1989 1472 2019 extollere
1492 1989 1608 2024 studet,
1624 1987 1718 2027 grati-

1007 2043 1060 2062 ore
1086 2032 1200 2063 Atticis
1224 2032 1361 2068 auribus,
1387 2038 1418 2062 et
1440 2032 1545 2062 liberae
1566 2031 1717 2061 conditio-

1007 2075 1053 2105 nis
1068 2076 1187 2106 nomine
1203 2075 1427 2105 commendans.
1471 2075 1520 2104 Ita
1544 2073 1659 2113 saepius
1674 2073 1717 2103 sa-

1007 2119 1093 2148 ciunt
1110 2119 1266 2148 Oratores.

1052 2159 1203 2196 fLocum,
1232 2171 1291 2200 quo
1318 2164 1350 2190 et
1378 2159 1518 2199 superius
1546 2160 1718 2193 utebamur,

1008 2213 1088 2233 nunc
1117 2209 1212 2233 totum
1240 2204 1346 2233 damus
1362 2213 1401 2232 ex
1419 2202 1520 2241 Epist.
1533 2202 1571 2231 ad
1586 2204 1720 2232 Ammae·

1009 2247 1102 2297 um§.
1119 2246 1150 2276 δ’.
1167 2247 1204 2276 ad
1221 2246 1287 2276 init.
1309 2246 1446 2276 Ton1.1.
1474 2241 1564 2279 Οὗτος
1592 2243 1718 2282 ἐγεννήθη

1008 2289 1063 2329 μὲν
1077 2289 1193 2319 ἐνιαυτοῦ
1215 2289 1341 2329 πξότερον
1361 2290 1413 2322 τῆς
1435 2287 1594 2321 ἑκατοστῆς
1606 2286 1718 2340 ΞΟλυμ-

1010 2332 1118 2366 πιάδος
1142 2332 1275 2373 ἄςχοντος
1300 2331 1328 2362 δὲ
1360 2331 1567 2371 Τιμοκξάτους,
1593 2330 1630 2363 εἷς
1659 2329 1720 2363 ἔτος

1010 2372 1040 2405 ἡν
1055 2373 1220 2415 ἒμέεβηιιως
1240 2373 1493 2405 ἑπτακαιδέκατον·
1515 2371 1662 2412 δημοσίους
1685 2382 1719 2401 τε

1009 2417 1106 2456 λόγους
1134 2418 1234 2460 ηρξοιτο
1271 2418 1384 2458 γράφειν
1413 2415 1460 2446 ἔπι
1500 2415 1720 2454 Kamara-vebrona

1009 2460 1152 2502 ἄρχοντος,
1166 2459 1289 2490 εἰκοστὸν
1313 2460 1361 2490 καὶ
1385 2459 1529 2498 wiffam-‘ror
1549 2458 1622 2499 {xm
1648 2469 1720 2491 ετος.

1009 2504 1063 2533 Kal
1084 2503 1162 2534 ἔστιν
1187 2504 1274 2533 αυτοῦ
1302 2505 1410 2543 πρῶτος
1431 2504 1486 2531 τῶν
1505 2499 1532 2530 ἐν
1552 2499 1720 2539 δικαστηρίῳ

1008 2546 1331 2577 κατασκευασθέντοσν’
1317 2546 1424 2584 αγῶνων
1440 2545 1451 2574 ὅ
1473 2543 1551 2573 κατὰ
1564 2541 1720 2582 ’Arsen-lm-

1009 2600 1059 2626 νος,
1075 2588 1100 2619 ἓν
1121 2589 1244 2630 γεγραφε
1258 2589 1392 2628 Διοδώρῳ,
1407 2587 1450 2626 τῷ
1473 2598 1503 2626 ug
1506 2586 1583 2615 ι’νοντι
1606 2585 1640 2615 ‘rel
1664 2584 1720 2622 ψη-

1008 2639 1109 2671 <ptum
1125 2632 1307 2672 παρανόμων·
1331 2631 1380 2660 καὶ
1395 2631 1473 2660 κατὰ
1497 2628 1543 2658 τὸν
1556 2627 1638 2658 αυτ-ὂν
1652 2627 1719 2669 χςό-

1007 2685 1045 2704 νον
1061 2675 1150 2716 ’ἕτερος
1164 2674 1211 2705 ἐπὶ
1228 2673 1448 2713 Καλλιστράτου
1456 2672 1599 2713 ἄρχοντος,
1614 2671 1626 2701 ὃ
1633 2670 1720 2722 περὶ

1008 2721 1073 2747 τῶν
1088 2719 1275 2753 ἀτελειῶν,
1295 2715 1320 2746 ὃν
1335 2715 1419 2751 αὐτὸς
1435 2713 1538 2744 διεθετο
1560 2711 1720 2756 χαριέστα-

1008 2773 1056 2795 τος
1082 2761 1214 2791 ἁπάντων
1236 2763 1290 2790 τῶν
1311 2759 1400 2796 λόγων
1418 2769 1464 2787 naa
1493 2757 1718 2805 γραφικώτατος.

1009 2805 1210 2834 Postremus·
1202 2814 1232 2834 m
1256 2804 1315 2833 hoc
1334 2803 1402 2831 loco
1419 2811 1561 2831 numerus
1576 2804 1639 2829 tnm
1650 2798 1728 2828 aliis·

1007 2846 1132 2877 vitiatus
1158 2847 1292 2880 videtur,
1319 2849 1382 2874 tum
1407 2845 1470 2883 Tay
1474 2844 1541 2873 loro
1558 2843 1594 2872 ad
1618 2843 1672 2871 Or.
1689 2841 1719 2870 in

1008 2890 1136 2919 Androt.
1160 2900 1191 2928 p.
1210 2890 1284 2919 659.
1309 2889 1488 2926 Omnespro
1515 2896 1593 2916 anno
1609 2883 1720 2914 XXV-

1007 2932 1137 2963 rescribi
1163 2933 1272 2970 jubent
1288 2931 1449 2966 XXVII„
1464 2930 1613 2960 advocato
1629 2927 1718 2956 etiam

1009 2976 1110 3006 Gellio
1125 2975 1201 3006 XV.
1221 2977 1272 3005 28.
1304 2975 1412 3014 ltaque
1429 2972 1519 3003 simul
1541 2970 1718 3013 praecedens
