1928 3284
240 213 348 262 508
630 218 1313 261 ΔΗΜΟΣΘΕΝΟΥΣ

242 327 547 391 διαδικασίαν,
585 328 675 384 οὔτ’
712 329 831 384 ἄλλο
870 355 1059 386 τοιουτον
1104 331 1215 385 ουὸεν
1260 356 1384 386 ειναι.
1430 333 1601 427 Χωρις
1642 333 1684 387 δε

243 401 424 466 τούτων,
451 404 759 458 οἷτοτῡ-ωτατον
785 407 840 458 οἲν
864 406 1050 459 πάντων
1077 431 1132 460 συ
1134 406 1298 478 μέαιη,
1329 407 1366 459 εἷ
1391 406 1491 460 rba-e
1517 433 1596 478 μεν
1623 434 1686 461 τα

245 477 450 568 Χαβριου
485 479 599 554 παρ’
623 504 722 550 υμιν
749 504 868 574 εργα
899 479 1105 552 μεῖζον”
1083 505 1215 547 ισχυε
1257 506 1340 533 των
1366 480 1686 552 Λεωδάμαντος

242 550 406 618 λόγων·
435 550 579 615 ἐπειδὴ
614 552 657 605 δὲ
683 553 836 605 ταυτα
869 577 918 606 τε
956 578 1172 623 υπαρχει,
1199 578 1278 606 και
1309 554 1373 607 τοὶ
1410 581 1496 608 των
1534 555 1684 609 α’λλων

245 648 482 716 ευεργετων
502 651 788 718 προςγεγονε,
816 629 1065 690 τηνικαῦτα
1090 652 1343 700 συμπαντα
1369 654 1524 682 ταυτα
1550 632 1686 683 οἷο-θε-

245 696 428 768 νέα-τερα
462 725 548 752 των
584 700 740 753 τούτου
778 701 924 769 λόγων
954 702 1171 769 γίγνοιτο.
1250 702 1342 755 Και
1377 703 1461 773 μὴν
1494 704 1598 804 πρός
1630 727 1685 771 γε

245 771 596 866 Ἀριστοφωντα,
623 775 784 828 πολλοὶ
818 800 895 828 και
922 775 1077 828 &naza
1109 778 1162 828 οἳν
1194 774 1309 843 ἔχειν
1342 775 1477 829 εἰπεῖν
1513 778 1684 848 1οἶμαι.

246 848 406 940 ngswg
433 845 575 915 εὕρετο
614 873 693 912 την
728 848 883 918 ὃωρεοέν
910 874 1003 943 παρ
1040 851 1155 920 υμῖν,
1183 849 1221 903 ἓν
1261 849 1288 905 ἦ
1326 874 1455 903 τουτο
1481 850 1581 915 ἔνην·
1612 885 1685 891 -—

244 944 324 973 και
360 944 404 972 ου
444 922 564 1010 Tov’r’
599 942 805 1015 επιτιμω
836 921 904 976 δεῖ
930 926 1020 999 ‘yda
1057 943 1109 989 εφ
1157 926 1257 995 υμῖν
1292 921 1397 977 εἶναι
1432 922 1585 977 διδόναι
1621 950 1685 978 τα

242 1017 436 1064 υμετερα
471 1019 634 1061 αυτ-ων,
663 1021 724 1057 οις
760 997 816 1050 οἳν
843 977 1068 1061 ζούληοθε
1095 1017 1183 1038 -·
1212 998 1323 1052 ἁλλ’
1349 997 1481 1051 ἓκεῖν6
1502 1023 1556 1066 γε
1583 997 1687 1066 ου’χι

244 1065 476 1121 δι’Νκαιον
430 1071 545 1122 εἶναι’
556 1088 685 1142 φημι,
713 1096 764 1123 το
785 1096 857 1123 οτε
883 1070 989 1142 2μεν
1006 1096 1147 1140 τουτῳ
1173 1072 1307 1124 ’taur’
1333 1070 1515 1142 ε’μελλεν
1540 1096 1686 1149 uffae-

240 1139 330 1206 ξειν
363 1143 576 1207 λαβόντι,
603 1143 732 1215 μηδεν
756 1146 962 1212 ἡγεῖσθαι
999 1144 1135 1198 δεινόν·
1174 1144 1320 1208 {vadi}
1355 1144 1450 1198 δε
1432 1145 1585 1215 ετέροις
1619 1146 1684 1200 Σε-

243 1214 388 1280 δοται,
409 1219 638 1280 τηνικαυτ’
662 1220 959 1313 ἀγανακτεῖν,
988 1244 1067 1272 και
1053 1218 1298 1273 πείθειν
1272 1221 1392 1291 υμοῖς
1416 1219 1685 1284 α’φελεσθαι.

244 1289 338 1342 Και
364 1316 452 1361 μην
478 1289 586 1345 3και
613 1293 832 1362 Γελαρχῳ
853 1318 984 1346 πεντε
1014 1295 1228 1347 ταλαντα
1253 1293 1492 1348 οἷποδουναι
1517 1320 1690 1365 γεγρα-

241 1380 315 1427 φεν
339 1390 479 1430 ουτος,
510 1392 566 1426 ως
590 1368 880 1444 παρασχόντι
910 1378 1003 1428 τοῖς
1027 1393 1065 1421 εν
1092 1379 1289 1438 Πειραιει
1307 1393 1384 1421 του
1411 1368 1582 1441 Δήμου
1608 1394 1689 1424 και

414 1497 424 1517 ¹
440 1509 533 1538 οιομαι
548 1499 589 1528 R.
1295 1500 1308 1519 ³
1326 1500 1445 1531 Deest
1438 1500 1496 1532 καί.
1512 1502 1548 1531 Τ.

762 1498 844 1539 2μὲν
858 1499 936 1530 τοῦτ’
950 1500 1070 1539 ἔμελλεν
1086 1501 1122 1530 Τ

242 1598 278 1618 ac
305 1589 453 1625 wolfius,
486 1601 559 1620 usus
592 1595 640 1620 est
668 1592 827 1630 Interpres
861 1593 949 1623 alter.
981 1594 1065 1622 etiam
1089 1603 1169 1623 nunc
1189 1599 1327 1623 maneant
1345 1593 1403 1622 viri
1425 1594 1540 1628 merita,
1562 1604 1691 1634 novaque

242 1632 401 1662 TAYLon.
423 1633 488 1662 Res
503 1638 574 1663 nota
589 1644 658 1663 esse
674 1639 776 1673 potest
792 1635 841 1664 vel
857 1646 874 1665 e
892 1636 949 1664 Te·
981 1636 1106 1665 aliorum
1131 1637 1308 1666 accesserint.
1350 1636 1529 1665 Acuendum
1554 1647 1690 1685 pronun-

241 1678 319 1704 rent.
335 1675 457 1705 Phorm.
475 1676 539 1705 111.
557 1678 586 1706 Q.
604 1677 670 1712 58„
685 1687 773 1714 quem
797 1688 864 1707 cum
881 1678 950 1707 loco
983 1678 1090 1707 ciando
1116 1679 1243 1707 verbum
1268 1678 1400 1718 ὑπάρχεμ
1436 1679 1485 1707 Ne
1511 1679 1579 1717 quis
1601 1684 1691 1718 putet

242 1720 348 1746 nostro
371 1717 485 1747 dudum
516 1718 707 1757 comparavit
733 1720 847 1750 Muret.
878 1721 950 1750 Var.

242 1759 343 1789 Lectt.
361 1761 461 1790 XIX.
475 1763 517 1796 8.,
528 1762 608 1800 quod
623 1771 712 1801 opus,
724 1763 950 1792 Muretinorum

243 1802 375 1832 omnium
395 1803 609 1833 doctissimum
627 1809 658 1833 et
677 1804 951 1844 elegantissimum,

244 1845 376 1884 gaudeo,
391 1856 468 1876 nova
483 1847 615 1876 editione
631 1848 812 1886 propediem
832 1848 864 1878 in
889 1859 951 1878 ma-

243 1897 300 1917 nus
325 1888 531 1919 studiosorum
558 1893 728 1919 venturum.
766 1891 815 1920 De
843 1891 952 1921 discri-

243 1931 325 1960 mine
339 1941 508 1967 causarum,
524 1930 607 1968 δίκης,
630 1931 745 1968 εὐθύνης,
762 1932 952 1970 διαδικασίας,

244 1974 402 2012 explicare
423 1974 546 2013 longum
563 1979 620 2004 est.
663 1976 807 2005 Adeundi
824 1981 894 2006 sunt
918 1977 949 2013 ii,

244 2017 298 2055 qui
311 2018 362 2055 jus
377 2017 512 2047 Atticum
524 2017 647 2056 proprie
659 2016 863 2048 illustrarunt.
891 2020 953 2049 Po-

243 2069 313 2088 nam
323 2065 421 2089 tamen
433 2070 473 2089 ex
484 2061 536 2089 Or.
547 2059 719 2090 iuTimocr.
728 2070 760 2099 p.
767 2062 842 2091 717.
853 2062 902 2091 ed.
911 2063 952 2092 R.

243 2102 323 2141 legis
339 2103 452 2133 verba:
462 2101 559 2132 ‘'Oa-mv
580 2100 655 2133 δίκη
678 2103 802 2144 πρότερον
817 2103 923 2141 ἐγένετο
938 2103 952 2135 ἢ

244 2144 404 2175 εὖθύνη*
393 2157 407 2175 η
432 2144 642 2174 διαδικασία
654 2145 728 2197 περί
751 2157 801 2175 του
827 2145 853 2177 ἓν
874 2147 952 2177 δικα-

244 2185 360 2227 στηρίῳ,
380 2186 394 2217 ἢ
410 2185 491 2227 ἰδίᾳἰ
480 2200 494 2218 η
506 2186 665 2227 δημοσίςιι,ἰ
654 2200 668 2218 η
683 2188 716 2217 τὸ
730 2188 859 2228 δημόσιον
874 2189 954 2219 riwe-

245 2228 319 2266 δοτο,
330 2242 372 2269 μη
387 2229 409 2259 εἲ
412 2230 499 2268 ςᾶ-γειν
513 2231 573 2270 περὶ
590 2230 693 2260 τούτων
708 2231 745 2264 εἷς
764 2230 797 2260 τό
819 2231 954 2262 δικαστή-

246 2283 307 2313 ριον,
326 2270 394 2312 μηδ’
408 2271 594 2313 ἐπιψηφίζειν
608 2274 662 2303 τῶν
677 2272 815 2325 ἀρχόντων
837 2273 954 2313 μηδένα,

245 2313 319 2354 μηδέ
335 2324 495 2354 κατηγῦρξῐν
508 2314 621 2351 ξώντων,
636 2314 655 2344 ἃ
678 2327 726 2346 DUX.
740 2315 819 2346 ἐῶΠἾΎ
833 2317 854 2346 Οἳ
866 2328 955 2357 νομοί·

246 2357 298 2387 Ad
320 2357 386 2387 haeo
413 2358 493 2387 conf.
517 2358 611 2387 Petiti
638 2359 699 2388 LL.
727 2360 790 2389 ΑΑ.
818 2370 849 2398 p.
879 2360 954 2390 451.

246 2400 390 2430 Ceterum
413 2411 470 2439 pro
494 2399 562 2441 ὑπὲρ
583 2403 637 2430 τῶν
661 2401 762 2437 αὐτῶν,
786 2403 866 2441 quod
889 2403 956 2442 ple-

246 2453 358 2482 rasque
381 2443 470 2472 editt.
487 2448 628 2482 occupat,
644 2444 717 2473 dedi
738 2445 809 2485 ωερῒ
828 2447 882 2474 τῶν
905 2446 955 2475 αὖ·

247 2487 313 2523 τῶν,
339 2492 404 2515 tum
434 2491 561 2524 propter
586 2487 794 2516 auctoritatem
822 2498 839 2517 a
863 2489 955 2519 codd.

248 2528 384 2567 optimis,
399 2532 462 2558 tum
486 2529 567 2567 quod
583 2528 626 2558 ita
653 2529 816 2569 loquuntur
837 2541 955 2566 omnes,

247 2571 302 2609 qui
336 2570 416 2610 legis
448 2571 659 2601 meminerunt.
701 2572 738 2602 F.
764 2572 800 2601 A.
833 2573 954 2604 Wow.

246 2614 352 2644 Verba
372 2613 508 2643 Terentii
535 2620 623 2644 sunt:
657 2617 735 2645 “At
757 2619 803 2650 tu,
829 2616 881 2654 qui
908 2627 954 2645 sa-

246 2656 336 2695 piens
359 2666 403 2691 es,
426 2656 620 2695 magistratus
647 2657 709 2694 adi,
733 2657 888 2688 Judicium
915 2659 954 2688 de

247 2699 354 2729 eadem
384 2709 474 2728 causa
503 2699 613 2729 iterum
646 2705 679 2730 ut
715 2701 843 2730 reddant
877 2700 951 2730 tibi:

248 2741 505 2780 Quandoquidem
522 2742 607 2772 solus
623 2753 742 2781 regnas,
758 2748 789 2773 et
805 2744 862 2773 soli
879 2743 954 2774 licet

248 2784 314 2814 Hic
338 2785 377 2813 de
401 2784 506 2813 eadem
527 2795 618 2814 causa
641 2785 691 2815 bis
712 2786 863 2825 judicium
889 2787 953 2816 adi-

247 2825 391 2865 piscier.’'
414 2827 537 2856 Plnorm.
553 2828 598 2857 11.
616 2830 646 2859 3.
663 2831 714 2859 56.
739 2830 786 2859 Cf.
802 2829 846 2859 H.
861 2830 952 2859 Vale-

248 2869 313 2899 sius
335 2870 374 2898 ad
397 2869 551 2908 Harpocr.
573 2880 604 2909 p.
629 2874 658 2902 9.
688 2871 809 2910 Taylor.
830 2872 867 2901 ad
890 2874 951 2911 Ly-

246 2912 319 2941 siam
343 2922 374 2950 p.
391 2913 464 2942 312.
489 2916 520 2941 et
545 2912 667 2953 Ulpian.
683 2915 719 2944 ad
737 2915 827 2944 Dem.
843 2915 872 2944 in
898 2915 950 2945 Ti-

246 2963 341 2984 mocr.
357 2955 394 2983 ad
411 2964 441 2992 p.
453 2955 528 2986 704.
543 2956 592 2985 ed.
609 2956 647 2985 R.

287 2995 394 3028 Ἐπειδὴ
409 2996 438 3027 δὲ
452 2997 549 3028 ταῦτά
563 3008 596 3028 τε
611 2998 741 3040 ὑπάρχει
754 3000 811 3040 -—]
847 2999 948 3034 Quum

984 1720 1190 1755 scribendum,
1206 1720 1262 1749 ταῦ
1265 1721 1304 1749 τά
1315 1730 1347 1749 τε
1363 1720 1497 1760 ὑπάρχει,
1509 1722 1608 1751 eadem
1617 1723 1689 1759 siut,

984 1762 1184 1803 quoefuerunt
1195 1765 1286 1801 prius.
1309 1763 1345 1792 F.
1362 1763 1399 1792 A.
1410 1764 1532 1793 WoLF.

1025 1804 1109 1835 Τοῦτ’
1128 1804 1263 1845 ἔμελλεν]
1294 1806 1419 1835 Plenius
1445 1805 1540 1836 Editt.
1562 1807 1633 1836 Ald.
1660 1811 1692 1837 et

985 1849 1095 1878 Morel.
1114 1859 1180 1878 cum
1206 1849 1297 1878 MSS.
1312 1848 1390 1878 Ven.
1413 1848 1545 1878 Vindob.
1566 1854 1597 1879 et
1611 1851 1692 1889 Aug.

984 1889 1030 1920 δ’τε
1058 1890 1112 1929 μὲν
1142 1891 1255 1930 τούτῳ
1288 1890 1390 1920 ταῦτ’
1416 1890 1544 1931 ἔμελλεν.
1589 1892 1691 1922 Iidem

985 1934 1077 1963 MSS.
1107 1933 1251 1975 ὑπάρχειν.
1283 1933 1370 1964 ταῦτ’
1392 1938 1423 1964 et
1454 1934 1598 1976 ὑπάρχειν
1620 1935 1693 1965 Lin-

985 1976 1135 2015 denbrog.
1156 1978 1318 2006 TAYLOR.

1028 2019 1080 2048 Καὶ
1093 2021 1150 2058 μὴν
1165 2018 1213 2048 καὶ
1226 2019 1360 2059 Γελάρχῳ
1376 2017 1459 2049 πέντε
1474 2019 1606 2048 τάλαντα
1622 2019 1694 2050 ἄπο-

985 2061 1074 2091 δοῧναι
1093 2060 1231 2102 γέγραφεν
1251 2059 1329 2096 οὗτος
1349 2061 1406 2102 —-]
1438 2061 1597 2091 Mirificam
1620 2062 1650 2092 h.
1671 2063 1693 2092 l.

986 2104 1048 2133 vim
1069 2105 1161 2133 habet
1174 2104 1422 2144 contrapositum,
1438 2115 1498 2143 quo
1514 2105 1635 2143 oblique
1651 2105 1694 2135 si·

986 2147 1048 2176 mul
1065 2146 1206 2185 Populus
1222 2147 1251 2176 in
1267 2146 1440 2176 memoriam
1457 2151 1620 2177 revocatur
1633 2148 1692 2183 rei,

986 2190 1024 2218 ab
1045 2189 1265 2227 Aristophonte
1283 2188 1368 2224 olim,
1389 2189 1518 2219 fortasse
1539 2200 1600 2219 non
1626 2190 1692 2219 sine

987 2231 1166 2267 offensione,
1182 2231 1281 2261 factae.
1319 2232 1381 2261 Sed
1398 2232 1561 2262 dicendum
1577 2233 1616 2261 de
1633 2232 1694 2261 sin-

987 2273 1077 2311 gulis.
1112 2275 1150 2303 Et
1173 2274 1325 2314 principio
1346 2274 1468 2313 quidem
1487 2274 1538 2314 qui
1559 2275 1693 2305 occurrit

988 2317 1170 2353 Gelarehus,
1191 2327 1231 2346 ex
1248 2327 1308 2346 uno
1334 2317 1391 2346 hoo
1414 2317 1482 2347 loco
1503 2317 1591 2347 nobis
1606 2318 1693 2347 inno-

987 2359 1058 2388 tuit.
1104 2360 1188 2398 Ergo
1211 2370 1266 2389 cur
1283 2359 1390 2389 Reisk.
1412 2364 1529 2389 mutare
1543 2360 1621 2390 velit
1634 2362 1692 2390 Te-

986 2402 1122 2431 larchum
1138 2406 1190 2431 aut
1205 2402 1421 2441 Agelarchum,
1436 2402 1468 2432 id
1484 2412 1557 2433 vero
1572 2402 1692 2432 nescio:

987 2444 1048 2474 nisi
1062 2445 1140 2474 forte
1157 2444 1216 2474 sibi
1233 2445 1318 2475 visus
1338 2449 1385 2475 est
1408 2445 1498 2474 homo
1521 2445 1693 2483 Lipsiensis

987 2487 1087 2516 omnia
1108 2487 1340 2517 Atheniensium
1356 2487 1477 2517 nomina
1501 2491 1614 2517 tenere.
1646 2488 1694 2518 Ac

987 2534 1108 2568 poterat
1135 2540 1255 2569 quoque
1282 2531 1389 2560 afferre
1416 2530 1608 2566 Clearchum,
1635 2530 1694 2560 Ze-

986 2573 1132 2608 larchum,
1163 2578 1221 2602 etc.
1261 2573 1340 2602 Mox
1372 2571 1508 2613 γέγραφεν
1534 2572 1692 2611 proprium

987 2616 1115 2645 verbum
1132 2615 1169 2644 de
1182 2626 1231 2651 eo,
1245 2614 1275 2644 in
1293 2617 1380 2654 cujus
1394 2615 1569 2645 sententiam
1585 2616 1693 2645 decre-

987 2662 1049 2687 tum
1065 2658 1187 2688 factum.
1211 2638 1245 2687 F.
1264 2658 1303 2687 A.
1319 2658 1444 2688 WOLF.

1030 2700 1094 2735 Τοῖς
1106 2699 1132 2730 ἐν
1145 2701 1269 2740 Πειραιει
1287 2702 1336 2731 τοῦ
1353 2700 1454 2741 δημου]
1478 2699 1543 2734 Τοῖς
1565 2698 1629 2729 οἴω-ο
1643 2700 1693 2729 τοῦ

985 2741 1083 2782 δήμου,
1099 2741 1125 2772 ἐν
1144 2744 1269 2782 Πειραιεῖ
1282 2742 1468 2781 γεγενημένοις
1481 2740 1529 2772 ἐπὶ
1544 2744 1599 2771 τῶν
1614 2742 1694 2783 τριά·

985 2795 1079 2814 κοντα.
1101 2785 1146 2815 VS
1151 2795 1225 2816 ου’.
1247 2787 1295 2815 τοῦ
1312 2786 1400 2825 δήμου
1415 2789 1462 2815 est
1476 2784 1594 2814 inutile.
1610 2785 1631 2814 οἱ
1649 2784 1694 2814 δη-

983 2828 1099 2866 μοτικοι
1122 2829 1196 2857 satis
1221 2827 1434 2858 describuntur
1461 2838 1516 2866 per
1539 2827 1560 2857 οἳ
1583 2826 1609 2856 ἐν
1627 2833 1694 2856 Πει-

983 2872 1063 2910 ραιεῖ.
1100 2871 1303 2901 Distinctione
1323 2870 1392 2905 ista,
1414 2881 1457 2899 sc.
1479 2870 1500 2898 οἳ
1522 2868 1548 2898 ἐν
1562 2869 1646 2899 ἄστει
1661 2874 1692 2899 et

983 2913 1004 2941 οῖ
1022 2911 1047 2942 ἐν
1061 2914 1185 2953 Πειραιεῖ
1198 2913 1383 2948 sexcenties,
1398 2912 1501 2947 credt),
1518 2912 1614 2942 utitur
1629 2914 1692 2951 Ly-

984 2955 1044 2985 sias
1059 2961 1172 2986 noster.
1216 2955 1247 2985 Si
1270 2955 1344 2994 quid
1362 2966 1418 2996 ego
1438 2955 1585 2994 judicem,
1601 2965 1691 2994 repe-

982 3003 1087 3029 tuntur
1099 2999 1146 3029 hae
1162 3009 1254 3029 voces
1274 3000 1324 3029 τοῦ
1344 2999 1432 3038 δήμου
1452 3009 1471 3029 a
1485 3009 1515 3028 v.
1528 3001 1558 3028 2.
1574 3008 1605 3037 p.
1623 3008 1686 3037 seq.
