1928 3284
297 209 408 263 466

295 330 365 384 δεῖ
381 331 649 408 γράφεσθαι,
669 335 752 386 Τῖὖν
778 335 1083 407 ψηφισμάτων
1109 341 1253 393 αὐτῶν
1279 341 1376 410 ὑμῖν
1397 340 1518 394 εἷο-ιν.

693 194 1335 270 ΔΗΜΟΣΘΕΝΟῪΣ

1473 341 1486 361 ¹
1573 341 1653 395 ‘'Iv’
1672 345 1742 398 οῧν

294 404 358 474 μῆ
383 407 514 472 λόγον
539 405 657 473 λε’·γω
681 407 820 479 μόνον,
849 411 981 462 αἷλλσὶ
1016 411 1092 465 καὶ
1128 414 1202 466 τᾶν
1229 416 1349 485 νόμον
1374 415 1528 479 αὕτὸν,
1547 415 1590 468 ‘o'v
1609 435 1738 488 popu,

295 477 441 545 δείξω.
507 481 639 542 Λάβε
660 507 734 550 μοι
759 483 832 534 τᾶν
859 483 998 555 νόμον,
1025 487 1138 538 καθ’
1163 487 1204 539 ὃν
1234 490 1364 550 1ἦσαν
1392 490 1430 540 οἷ
1449 490 1655 565 πρότερον
1676 516 1742 543 νο-

292 554 506 623 μοθέται.
569 556 683 620 Λέγε
699 557 708 606 !

919 708 1116 748 NOMOE.

1114 814 1138 826 Ν
1171 812 1242 833 al'xx

367 811 442 862 καὶ,
488 809 683 872 Συνῖετε,
711 810 811 861 καθ’
843 810 886 861 ἓν
907 814 1080 886 τρόπον,
1102 823 1133 865 ὠ
1155 834 1302 889 ανοξες
1322 814 1573 875 Ἀθηναῖοιέ
1607 816 1627 867 ὃ
1656 815 1738 869 Σό-

859 935 867 953 ¹
884 933 1113 973 *ένςμοὲῑέτησ-αν
1129 936 1169 965 R.

291 1034 409 1066 Tabulis
436 1037 559 1076 publicis
586 1037 659 1075 leges
695 1036 806 1076 legibus
842 1038 996 1068 contrarie

287 1080 493 1117 reperiantur:
530 1078 675 1120 (τσο-οῦτοι
706 1078 761 1117 μὲν
789 1078 810 1107 οἱ
830 1077 996 1109 ἐναντίοι-

288 1120 375 1160 στέξας
391 1121 487 1161 σχεῖν)
502 1131 604 1151 verum
618 1122 703 1150 etiam
733 1121 832 1159 leges,
858 1122 896 1151 ad
926 1132 996 1161 qna-

286 1174 355 1192 rum
378 1166 581 1203 praescriptum
613 1164 875 1192 senatusconsulta
911 1166 996 1194 scribi

287 1206 401 1242 debent,
418 1207 485 1245 ipsis
501 1206 772 1236 senatusconsultis
789 1212 858 1235 sunt
872 1209 996 1237 ‘recenti—

287 1259 355 1278 ores.
402 1249 480 1285 Quae
504 1254 549 1279 est
567 1248 661 1278 altera
678 1253 708 1278 et
724 1249 815 1287 longe
832 1251 928 1288 major
943 1251 996 1279 ab·

287 1291 432 1321 surditas.
478 1293 600 1321 Interea
621 1292 711 1321 homo
733 1293 871 1321 curiosus
893 1292 995 1329 nimis,

286 1334 339 1372 qui
352 1335 429 1364 hanc
442 1335 578 1364 ultimam
595 1334 753 1373 periodum
773 1335 878 1364 eodem
896 1336 994 1366 animo

284 1376 451 1413 intellexit,
477 1388 537 1416 quo
562 1388 660 1416 nuper
683 1378 811 1407 Petrum
842 1378 993 1408 Nannium

284 1419 432 1454 vidimus,
454 1422 491 1449 ad
509 1430 591 1450 oram
611 1421 803 1458 Exexnplaris
822 1421 867 1450 sni
890 1421 995 1451 allevit

283 1463 417 1491 notabile
434 1462 517 1492 istud
543 1463 668 1492 lemma:
700 1461 899 1503 ψηφισμάτων
924 1465 994 1494 οὐδο-

284 1505 358 1534 τιοῧν
373 1504 541 1545 διαφέρουσιν
555 1506 575 1534 οἶ
591 1504 680 1544 νόμοι.
725 1506 845 1542 Quibus
864 1507 993 1536 vocibus

283 1557 391 1576 rursus
413 1548 536 1583 deletis,
562 1553 596 1577 ut
623 1548 686 1576 fieri
707 1548 809 1583 decet,
824 1550 904 1587 quod
922 1550 992 1578 reli-

284 1599 376 1626 quum
394 1594 451 1624 est,
465 1594 536 1628 apte
553 1595 584 1619 et
600 1591 798 1620 accommode
815 1590 991 1621 cohaerebit.

283 1631 341 1667 Tu,
359 1632 430 1660 dum
453 1633 609 1662 meliorem
636 1631 725 1662 crisin
755 1634 902 1672 proferas,
936 1634 991 1664 hac

283 1679 390 1703 nostra
407 1679 503 1704 utere.
519 1674 677 1705 TAYLon.

326 1717 529 1755 Ψηφισμάτων
559 1716 581 1746 δ’
608 1717 740 1748 οὔδοτιοῧν
755 1735 797 1740 -—
813 1719 881 1758 ὑμῖν
906 1718 989 1760 εἰσὶν]

281 1759 331 1788 De
353 1760 455 1798 legum
470 1770 614 1790 novarum
631 1771 722 1800 super
748 1771 844 1790 novas
861 1762 991 1791 subinde

281 1807 490 1832 acervatarum
506 1803 653 1833 immensa
664 1803 862 1832 multitudine
881 1805 991 1833 Demo-

282 1845 421 1874 sthenem
435 1846 534 1884 queri,
550 1849 688 1884 apparet.
734 1846 802 1876 Jam
834 1845 907 1883 qnid
930 1846 991 1876 sibi

280 1888 378 1917 velint
408 1889 514 1924 verba,
538 1887 738 1928 ψηφισμάτων
772 1888 903 1917 οἰδοτιοῧν
932 1889 991 1918 δια-

280 1928 404 1970 φέρουσιν
435 1931 457 1960 οἳ
482 1930 569 1971 νόμοι,
599 1931 668 1970 ipsa
691 1931 861 1969 explicatio
888 1932 990 1967 docet,

280 1983 349 2010 quae
376 1973 510 2009 additur,
527 1975 610 2003 haec:
638 1974 755 2014 νεώτεροι
779 1974 801 2003 οἱ
831 1973 907 2013 νόμοι
937 1977 991 2003 τῶν

281 2014 483 2054 ψηφισμάτων
518 2017 585 2055 ὑμῖν
612 2014 689 2045 εἰσ-ἰ’ν.
744 2016 871 2045 Scilicet
897 2027 988 2055 quum

280 2058 411 2088 Athenis
439 2058 586 2088 sancitum
613 2062 708 2094 esset,
727 2063 761 2088 ut
782 2059 990 2098 psephismata

280 2102 380 2130 omnia
396 2101 501 2131 fierent
514 2112 531 2131 e
543 2101 725 2140 praescripto
734 2102 836 2138 legum
851 2106 989 2142 recepta-

279 2143 428 2183 rum,(‘r&
445 2142 628 2183 ψηφίσματα
653 2142 810 2183 γράφεσθαι
832 2147 911 2174 κατὰ
926 2146 989 2178 τοὺς

276 2184 403 2225 νόμους,)
425 2187 506 2215 unde
543 2186 634 2215 etiarn
665 2187 691 2214 is
721 2186 872 2216 obnoxius
905 2193 989 2217 esset

281 2228 377 2269 γραφῇ
393 2228 577 2268 παρανόμων,
593 2238 653 2266 quo
671 2233 795 2258 auctore
811 2230 988 2268 psephisma

280 2271 403 2309 aliquod
416 2271 537 2308 legibus
557 2271 741 2300 contrarium
755 2275 838 2300 esset
855 2273 985 2310 factum3

279 2314 376 2352 Resp.
399 2317 485 2343 recte
508 2313 570 2342 dici
592 2314 694 2351 potuit
718 2314 835 2343 turbari
863 2315 985 2354 legibus

278 2356 368 2385 nimis
380 2365 460 2394 saepe
476 2357 566 2386 novis
580 2356 736 2394 rogandis,
752 2367 848 2395 eaque
863 2368 896 2387 re
918 2358 985 2387 tolli

276 2399 311 2427 id
334 2398 447 2438 ipsum,
470 2398 552 2437 quod
581 2398 661 2428 inter
686 2400 862 2438 psephisma
889 2404 919 2430 et
942 2401 984 2430 le-

279 2451 348 2481 gem
370 2441 502 2471 maxime
517 2441 674 2470 videretur
695 2443 817 2472 differre
840 2440 982 2482 (ἐνᾷῗψη-

276 2484 434 2523 φισμάτων
457 2484 596 2523 μάλιστα.
618 2485 639 2513 οἳ
669 2483 745 2522 νόμοι
773 2485 981 2525 διαφέρουσιν.)

277 2527 373 2565 Atqui
396 2527 454 2556 hoc
481 2527 558 2556 illud
583 2531 641 2562 est,
665 2527 758 2565 quod,
786 2538 878 2566 quum
910 2538 981 2566 pse-

275 2569 426 2608 phismata
451 2572 481 2598 et
504 2573 630 2608 propter
652 2570 768 2599 subitas
784 2571 980 2601 necessitates

277 2613 494 2646 scriberentur,
526 2616 557 2642 et
593 2616 694 2642 essent
717 2613 910 2652 temporaria,
939 2619 980 2650 ut,

275 2655 328 2684 ubi
357 2654 417 2684 illae
442 2654 615 2690 desiissent,
648 2665 746 2694 neque
768 2655 835 2694 ipsa
864 2656 979 2686 diutius

274 2698 423 2732 valerent,
438 2697 524 2735 leges
543 2698 573 2726 in
598 2698 734 2737 Republ.
746 2702 871 2736 propter
887 2700 979 2728 stabi-

272 2739 320 2769 les
343 2750 450 2769 causas
474 2741 542 2769 latae
558 2740 620 2770 vim
643 2745 675 2770 et
698 2742 908 2771 auctoritatem
926 2742 978 2771 ha-

270 2783 386 2812 bebant
409 2786 597 2822 perpetuam.
642 2783 719 2813 Tum
748 2794 822 2823 ergo
847 2784 979 2814 οὗδοτιοῧν

272 2824 445 2865 διαφὲξουσιν
470 2824 492 2853 οἳ
521 2824 595 2864 νόμοι
621 2823 830 2867 ψηφισμάτων,
857 2828 977 2866 quando

273 2868 350 2897 adeo
387 2868 561 2906 frequenter
590 2869 675 2907 leges
702 2880 790 2899 novae
820 2875 975 2909 rogantur,

271 2913 392 2940 veteres
416 2911 609 2949 abrogantur,
633 2917 666 2941 ut
689 2922 791 2942 earum
815 2912 975 2951 imperium

273 2961 333 2981 non
349 2952 520 2983 diuturnius
540 2952 592 2989 sit,
617 2965 706 2993 quam
722 2955 973 2994 psephismatum.

274 2994 432 3031 Haeccine,
448 3005 515 3035 quae
534 3006 594 3026 nou
618 2997 660 3027 ita
686 2998 790 3028 abdita
807 3003 886 3034 sunt,
903 3009 975 3029 non-

1031 1036 1142 1072 nullos,
1155 1036 1185 1066 in
1202 1036 1250 1066 his
1266 1037 1443 1076 Taylorum,
1455 1036 1561 1067 videre
1573 1047 1632 1068 non
1644 1042 1736 1078 potu-

1029 1079 1114 1109 isse?
1160 1080 1261 1117 Magis
1284 1081 1419 1110 sobrium
1449 1091 1482 1109 se
1510 1081 1538 1109 h.
1556 1081 1577 1109 l.
1608 1087 1735 1120 praestat

1030 1122 1139 1151 Reisk.
1185 1124 1251 1152 Nec
1277 1123 1308 1151 id
1336 1128 1434 1152 tamen
1469 1123 1598 1162 praecise
1630 1135 1734 1154 verum

1030 1170 1086 1200 est,
1104 1165 1286 1204 populiscita
1315 1165 1346 1194 in
1369 1175 1476 1194 annum
1506 1165 1651 1202 valuisse,
1672 1167 1734 1197 nisi

1028 1207 1108 1236 inter
1134 1208 1218 1247 leges
1247 1212 1378 1247 recepta.
1424 1208 1497 1236 vid.
1532 1209 1584 1238 Or.
1601 1209 1632 1238 in
1660 1209 1732 1238 Ari-

1030 1255 1122 1279 stocr.
1151 1261 1181 1289 p.
1209 1253 1282 1282 649.
1308 1251 1357 1280 ed.
1383 1251 1423 1280 R.
1450 1255 1480 1279 et
1505 1251 1626 1289 Ulpian.
1647 1252 1684 1281 ad
1700 1261 1731 1291 p.

1028 1294 1101 1323 651.
1114 1293 1164 1322 ed.
1182 1294 1222 1323 R.
1269 1295 1420 1323 Praeterea
1441 1293 1540 1322 omnia
1558 1294 1612 1323 illa
1628 1304 1644 1323 a
1661 1304 1730 1324 voc.

1028 1335 1096 1369 ὥςτε
1113 1346 1208 1374 usque
1235 1337 1271 1365 ad
1295 1337 1374 1365 ἀλλὰ
1393 1337 1510 1375 νεώτεροι
1526 1347 1544 1366 a
1558 1336 1653 1366 Vind.
1676 1337 1730 1365 ab·

1029 1383 1109 1414 sunt,
1123 1379 1248 1408 librario
1264 1379 1345 1408 haud
1361 1378 1456 1408 dubie
1472 1379 1502 1408 in
1526 1389 1659 1408 errorem
1676 1380 1730 1408 ab·

1027 1421 1120 1450 ducto
1137 1422 1242 1451 eadem
1267 1423 1394 1451 duorum
1417 1431 1560 1452 versuum
1581 1422 1731 1458 clausula,

1027 1462 1113 1502 νόμοι.
1136 1465 1172 1494 F.
1189 1465 1228 1494 A.
1244 1465 1367 1494 Wom.

1061 1505 1109 1536 ‘¹111’
1130 1504 1172 1537 οἶν
1192 1509 1233 1546 μὴ
1257 1507 1335 1545 λόγον
1348 1507 1406 1548 —-]
1441 1508 1516 1537 Post
1537 1505 1614 1548 δείξω
1634 1508 1730 1547 vulgo

1026 1554 1174 1579 commate
1210 1549 1439 1589 intel-pungunt,
1475 1561 1534 1588 quo
1571 1551 1730 1590 sequentia

1025 1591 1098 1624 λάβε
1112 1604 1162 1631 μοι
1177 1609 1220 1613 -
1236 1593 1348 1622 faciunt
1361 1592 1519 1630 apodosin.
1556 1594 1623 1631 Ego
1639 1593 1729 1622 aliter

1025 1633 1162 1669 distinxi,
1181 1635 1329 1673 apodosin
1346 1639 1456 1674 putans
1471 1634 1611 1665 inchoari
1627 1646 1645 1665 a
1657 1646 1728 1674 par-

1024 1676 1118 1706 ticula
1133 1677 1222 1706 ἀλλά.
1260 1677 1407 1707 Reiskius
1422 1682 1556 1707 veterem
1577 1677 1727 1708 rationem

1024 1718 1145 1754 retinet,
1159 1729 1195 1749 ac
1208 1720 1309 1749 statim
1323 1717 1394 1750 ’ἦσαν
1407 1724 1504 1749 mutat
1518 1719 1549 1749 in
1563 1718 1732 1759 ἐνομοθέτη-

1024 1771 1088 1796 σαν,
1111 1762 1259 1792 asterisco
1281 1762 1421 1800 praei‘ixo,
1441 1772 1502 1801 quo
1525 1766 1630 1791 notare
1653 1763 1732 1792 solet

1026 1813 1093 1837 suo,
1111 1809 1143 1833 ut
1159 1805 1212 1839 ait,
1227 1805 1364 1844 periculo
1380 1809 1524 1834 assumta.
1552 1805 1731 1835 Emendatio

1023 1847 1174 1883 ejusmodi
1196 1853 1254 1882 est,
1277 1852 1321 1883 ut,
1345 1847 1371 1877 si
1391 1849 1457 1886 ejus
1479 1847 1646 1877 necessitas
1661 1857 1732 1878 con-

1024 1893 1130 1924 staret,
1155 1900 1261 1919 omnes
1282 1890 1421 1929 profecto
1445 1900 1569 1919 acumen
1585 1890 1732 1920 miraren-

1023 1935 1083 1960 tur.
1118 1932 1159 1961 At
1178 1933 1303 1962 verbum
1320 1931 1385 1961 εῖναι
1401 1942 1459 1961 non
1473 1942 1542 1961 raro
1561 1942 1629 1961 cum
1656 1943 1729 1972 qua-

1022 1974 1091 2003 dam
1107 1975 1211 2013 specie
1232 1974 1437 2014 simplicitatis
1451 1974 1584 2013 ponitur.
1629 1976 1673 2006 Ut
1696 1975 1727 2005 in

1023 2017 1182 2047 Demosth.
1207 2019 1336 2047 Prooem.
1353 2018 1453 2046 XIII.
1468 2028 1499 2056 p.
1511 2019 1605 2046 1427.
1621 2018 1671 2047 ed.
1687 2019 1729 2049 R.

1022 2060 1211 2098 adjudices:
1227 2059 1313 2100 νόμοι,
1332 2058 1378 2099 ἐφ’
1393 2057 1429 2093 οῖς
1444 2060 1526 2099 ὑμεῖς
1540 2058 1618 2089 ἐστέ.
1644 2060 1727 2090 Hinc

1020 2108 1125 2132 nostra
1140 2107 1259 2132 vertes:
1286 2103 1363 2141 Cape
1378 2102 1477 2142 legem,
1493 2112 1551 2142 qua
1570 2103 1637 2132 olim
1651 2108 1727 2133 tene-

1021 2144 1130 2174 bantur
1144 2146 1177 2180 z'z',
1191 2147 1240 2184 qui
1255 2145 1327 2185 leges
1340 2154 1444 2184 rogare
1462 2145 1581 2174 vellent.
1617 2145 1726 2185 Itaque

1021 2196 1099 2216 nunc
1119 2197 1239 2226 quoque
1262 2187 1441 2216 asteriscum
1467 2186 1524 2216 viri
1545 2187 1725 2225 φιλοκινδυνο-

1020 2229 1111 2259 τάτου
1125 2240 1182 2268 pro
1207 2229 1296 2259 obelo
1312 2229 1440 2269 accipio.
1475 2229 1570 2258 Aliud
1589 2231 1725 2268 ejusdem

1019 2272 1199 2310 periculum,
1225 2272 1256 2301 in
1282 2272 1373 2301 Notis
1398 2272 1561 2310 prolatum,
1586 2272 1725 2312 Augerio

1019 2315 1123 2353 potius
1140 2315 1242 2354 placet
1256 2325 1263 2343 ε
1279 2312 1350 2344 ’ἦσαν
1365 2314 1394 2343 αἱ
1410 2313 1544 2354 «πρότεξον
1557 2313 1725 2354 νομοθεσίαι.

1019 2358 1126 2387 Imm.

1061 2401 1109 2430 κά.
1126 2399 1232 2431 Συνίετε
1250 2399 1313 2431 καθ’
1326 2399 1351 2430 ὃν
1365 2400 1484 2441 τξᾶωον]
1501 2401 1722 2432 Demosthenes

1018 2440 1070 2471 ille
1083 2443 1276 2483 famigeratus
1286 2446 1406 2478 Orator,
1421 2445 1561 2473 Romanae
1578 2444 1722 2483 eloquen-

1018 2486 1079 2521 tiae,
1090 2486 1119 2515 id
1134 2486 1401 2521 esl,Cicer0nianae
1417 2486 1583 2525 exemplar,
1593 2487 1721 2525 utjudi-

1017 2538 1086 2558 care
1102 2534 1239 2567 possunt,
1251 2529 1303 2568 qui
1319 2528 1470 2558 orationes
1488 2528 1646 2567 utriusque
1661 2539 1721 2558 uon

1017 2571 1180 2600 oscitanter
1205 2572 1354 2611 legerunt,
1379 2570 1408 2600 in
1434 2581 1469 2600 ea
1484 2571 1629 2600 Oratione
1651 2581 1720 2610 quae

1016 2613 1080 2653 πρός
1090 2613 1222 2644 Λεπτίνην
1239 2613 1572 2648 inscribitur,Solonem
1589 2623 1720 2643 comme-

1014 2662 1111 2686 morat
1126 2657 1205 2686 inter
1219 2657 1277 2686 alia
1289 2667 1356 2686 cnm
1368 2656 1487 2694 legibus
1500 2655 1562 2685 suis
1574 2655 1631 2685 hoc
1643 2666 1719 2694 quo-

1014 2709 1073 2737 que
1095 2699 1278 2735 instituisse,
1293 2709 1361 2728 cum
1377 2698 1428 2728 lex
1444 2698 1544 2737 aliqua
1558 2699 1716 2738 rogatione

1014 2742 1050 2770 ad
1067 2742 1214 2780 populum
1228 2742 1367 2776 ferretur,
1381 2747 1414 2770 ut
1430 2751 1445 2770 a
1460 2740 1635 2780 legislatore
1651 2741 1715 2779 pri-

1012 2794 1092 2813 mum
1134 2785 1324 2819 recitaretur,
1362 2784 1472 2813 deinde
1509 2788 1544 2814 ut
1576 2783 1609 2813 in
1644 2783 1715 2813 loco

1011 2827 1141 2856 maxime
1163 2827 1276 2857 celebri
1297 2827 1522 2865 conspicuoque
1539 2825 1713 2864 proscribe—

1010 2874 1094 2898 retur
1115 2869 1153 2898 ad
1175 2870 1293 2899 tertiam
1319 2869 1497 2899 concionem
1517 2878 1613 2907 usque
1635 2867 1713 2910 (non

1010 2911 1098 2941 aliter
1120 2917 1211 2951 atque
1232 2913 1339 2942 Romae
1362 2912 1446 2950 leges
1471 2910 1644 2941 trinundino
1660 2910 1711 2940 die

1010 2955 1196 2993 promulgari
1225 2955 1331 2984 solitas
1356 2965 1424 2985 esse
1451 2953 1609 2984 Maorobio
1633 2952 1711 2982 refe-

1009 3002 1093 3029 rente
1108 2996 1253 3039 tegimus)
1267 2997 1335 3029 inde
1352 2997 1460 3028 seribae
1476 3002 1508 3028 ut
1522 2997 1646 3027 daretur
1657 3004 1711 3034 pa-

1904 2898 1927 3063 m*
1907 2839 1928 2892 {xe-l.
1918 2814 1928 2835 a.
1918 2733 1928 2803 xnus-r.
1925 2722 1928 2727 l
1918 2660 1928 2713 ez..

1912 3058 1928 3109 ³2·—
