1928 3284
296 216 320 249 6
897 207 1148 261 TAYLORI

344 314 428 349 Mos
452 316 571 348 autern
590 325 653 358 per
672 314 782 347 totam
799 312 989 352 Graeciam,
1009 313 1046 344 et
1061 309 1214 345 Athenis
1239 309 1408 353 maxime,
1426 310 1686 356 celebrabatur,
1701 314 1743 346 ut

300 369 346 402 ad
360 368 518 402 studium
536 368 714 411 animique
732 366 1015 400 benevolentiam
1034 363 1290 399 declarandam
1301 364 1450 401 Civibus
1468 366 1561 401 bene
1577 368 1744 401 merenti-

298 423 367 456 bus
392 422 530 456 textilia
552 422 720 465 qnaedam
747 422 841 453 serta
864 419 1008 463 publice
1033 418 1283 463 decernerent,
1301 419 1431 463 quibus
1453 420 1617 456 lemnisci
1644 422 1745 456 aurei

296 477 633 522 interponebantur:
654 477 761 518 atque
774 476 815 507 ut
828 474 929 507 istius
942 473 1092 507 Dccreti
1103 473 1287 507 Memoria
1300 476 1337 507 et
1351 474 1534 509 Recitatio
1548 475 1742 521 aliquando

296 532 396 565 fieret
413 532 452 565 in
467 531 624 565 maxima
640 530 746 563 Urbis
762 529 974 573 frequentia,
999 528 1037 561 in
1056 527 1222 562 Comitiis
1245 537 1376 573 nempe
1401 532 1462 563 aut
1478 531 1668 565 Ludorum
1685 540 1745 564 ce-

296 586 469 628 lebritate,
496 584 698 628 cujusmodi
724 583 867 617 fuerunt
890 583 1133 617 Panathenaea
1157 584 1222 616 aut
1237 582 1433 627 Dionysia;
1456 587 1519 618 aut
1544 585 1582 618 in
1597 585 1743 618 Graeco-

295 650 374 672 rum
392 639 550 674 omnium
580 639 769 679 conventu,
787 638 849 682 qui
866 637 902 670 in
927 638 1110 671 communi
1136 639 1173 671 et
1196 637 1342 682 publico
1365 638 1446 672 loco
1460 639 1646 683 agebatur.
1694 639 1743 673 Οὐ

296 696 359 738 γὰρ
375 694 608 737 Ὀλυμπιάσιν,
625 695 646 733 ἢ
664 694 800 735 Δελφοῖς
823 692 1045 735 ἀνακηρύττει
1072 695 1133 726 τὸν
1159 692 1334 735 στέφανον,
1356 693 1424 726 οὐδ’
1447 694 1490 733 εἷς
1515 694 1743 734 Παναθήναια

294 751 531 791 συναγαγοῦσαι
546 750 622 786 τοὺς
632 747 817 787 Ἕλληνας,
830 749 851 786 ἣ
864 747 1033 788 Διονύσια,
1050 748 1198 791 καθάπερ
1215 748 1244 779 οἱ
1266 748 1374 780 πάλαι
1393 751 1474 781 ποτὲ
1489 749 1674 791 Ἀθηναῖοι,
1689 761 1743 781 κο-

293 803 489 841 λακεύοντες
503 800 862 835 -ᾰλλ’-Τ1]θιῃίεῒ.
877 801 977 835 Orat.
993 801 1069 836 ΙΙΙ.
1087 801 1162 836 init.
1205 802 1405 836 Pervenere
1421 802 1467 836 ad
1483 804 1644 837 nostram
1657 802 1745 836 aeta-

292 857 369 888 tem
384 858 618 889 monumenta
635 855 813 900 quaedam,
829 856 954 899 (immo
972 856 1051 900 ejus
1083 858 1224 901 generis
1254 857 1487 892 adservantur
1510 857 1681 892 nonnulla
1703 856 1744 890 in

293 908 508 942 bibliotheca
526 909 616 943 Coll.
633 910 820 944 Trinitatis
838 911 1092 954 cantabrigiae,
1109 913 1206 946 dono
1222 914 1259 945 et
1280 912 1491 947 liberalitate
1515 911 1743 946 illustrissimi

292 972 332 996 D.
351 971 504 996 coMlTls
523 972 572 996 DE
590 963 795 1009 sANDvico)
818 975 900 1009 quae
917 964 1043 998 titulos
1067 966 1262 1008 praeferunt
1276 966 1382 1000 istius
1399 966 1678 1006 benevolentiae;
1705 967 1743 998 et

289 1016 328 1048 in
343 1016 471 1059 quibus
487 1016 583 1050 nude
598 1017 789 1061 aliquando
807 1021 1001 1052 exarantur
1015 1018 1093 1051 haec
1107 1019 1226 1059 verba,
1240 1025 1266 1051 Ο
1281 1024 1432 1053 ΔΗΜΟΣ
1449 1025 1535 1053 TON
1550 1024 1743 1053 ΝΙΚΟΦΗ-

292 1074 400 1111 MON,
415 1071 476 1102 aut
493 1074 783 1103 ΚΑΛΛΙΠΙΔΗΝ
802 1073 890 1112 puta
907 1074 973 1104 aut
990 1076 1286 1113 EYBOYAIAHN3
1311 1073 1564 1107 subintellecto
1580 1075 1643 1107 aut
1656 1084 1741 1118 sup-

287 1134 409 1168 presso
435 1123 608 1157 vocabulo
626 1127 869 1156 ΣΤΕΦΑΝΟΙε
900 1124 1095 1169 aliquando
1121 1127 1254 1167 autem,
1280 1126 1310 1159 si
1333 1127 1424 1160 bene
1450 1127 1608 1169 memini,
1631 1128 1741 1162 floreo

286 1182 383 1211 seito
399 1177 575 1220 redimita,
592 1180 655 1212 aut
671 1178 921 1219 circumtexta,
945 1189 988 1212 eo
1004 1179 1081 1213 scil.
1101 1180 1231 1224 animo,
1247 1182 1289 1214 ut
1304 1181 1566 1224 intelligeretur
1582 1193 1625 1216 ea
1644 1182 1743 1217 Civi-

286 1235 342 1266 tas
358 1233 621 1276 Nicophemum
638 1232 737 1266 illum
764 1236 828 1266 aut
845 1233 1060 1277 Callipidem
1082 1245 1215 1268 corona
1241 1246 1288 1269 ex
1311 1235 1460 1280 publico
1484 1236 1631 1269 decreto
1655 1235 1742 1270 dare

286 1298 493 1331 ornareque.
545 1288 626 1321 Imo
642 1288 810 1331 obtinuit,
826 1290 867 1321 ut
883 1288 1017 1322 Civitas
1035 1289 1225 1323 Civitatem
1248 1292 1363 1325 totam
1384 1301 1428 1324 eo
1444 1291 1624 1335 praeconio
1639 1301 1741 1325 orna-

285 1344 351 1384 ret,
375 1341 525 1386 ejusque
549 1343 599 1376 rei
623 1342 832 1376 memoriam
858 1343 1004 1386 publice
1031 1346 1277 1385 consecraret;
1300 1344 1338 1378 id
1364 1346 1463 1389 quod
1493 1355 1540 1380 ex
1568 1345 1742 1380 Oratione

286 1396 541 1430 Demosthenis
556 1397 593 1430 in
611 1396 679 1430 hac
696 1407 806 1431 causa
822 1397 1006 1441 discimus,
1022 1396 1065 1443 (ξ.
1085 1398 1162 1441 κζ’.)
1179 1399 1432 1443 Χερῤονησιτῶν
1449 1400 1478 1433 οἱ
1506 1403 1737 1440 κατοικοῦντες

287 1454 477 1492 Σηστὸν-
492 1467 538 1475 -·
558 1455 776 1494 στεφανοῦσιν
791 1452 981 1493 Ἀθηναίων
1005 1455 1070 1494 τὴν
1090 1455 1223 1496 βουλὴν
1240 1456 1294 1487 καὶ
1319 1457 1379 1488 τὸν
1405 1455 1512 1499 δῆμον
1538 1458 1653 1499 χρυσῷ
1668 1468 1742 1489 στε-

289 1506 381 1548 φάνῳ
396 1505 468 1538 ‹ivre›
485 1507 663 1539 ταλάντων
680 1507 852 1549 ἑξήκοντα,
868 1508 920 1540 ὅτι
934 1525 991 1541 -.
1018 1507 1169 1550 Rursus,
1187 1511 1239 1541 καὶ
1262 1508 1471 1553 α’νακαρύξαι
1488 1511 1548 1542 τὸν
1564 1510 1741 1554 στέφανον,

286 1560 314 1603 ᾦ
331 1562 577 1604 συστεφίινωται
599 1561 616 1593 ὁ
637 1561 739 1604 δᾶμος
755 1562 771 1594 ὁ
787 1561 981 1603 Ἀθηναίων
997 1562 1048 1606 ὑφ’
1071 1563 1177 1607 ἡμῶν,
1193 1564 1285 1604 ὅπως
1301 1563 1518 1597 ἐπιστέωνται
1533 1563 1741 1606 οὶ“Ἐλληνες

287 1617 412 1654 πάντες
434 1616 627 1655 Ἀθηναίων
647 1615 800 1660 'Agna-civ,
821 1619 874 1650 καὶ
898 1620 962 1652 τὰν
985 1620 1179 1656 Βυζαντίων
1202 1620 1256 1651 καὶ
1284 1619 1471 1662 Περινθίων
1497 1620 1737 1664 Εὐχαριστίαν.

287 1671 345 1704 De
363 1681 433 1715 qua
449 1671 711 1705 consuetudine
727 1672 878 1715 erudite,
894 1676 934 1708 ut
951 1684 1102 1718 semper,
1120 1674 1194 1717 agit
1212 1673 1336 1708 Celeb.
1353 1672 1572 1708 D'Orvillius
1586 1673 1632 1707 ad
1645 1673 1740 1708 Cha-

284 1726 387 1759 riton.
407 1725 437 1759 I.
455 1728 489 1760 5.
505 1726 628 1759 saeculi
645 1726 699 1759 sui
716 1726 860 1768 damno,
878 1731 914 1761 et
930 1729 1111 1762 literarum
1129 1728 1322 1762 infortunio
1339 1727 1496 1772 publico,
1513 1738 1586 1762 non
1601 1729 1653 1762 ita
1667 1728 1739 1773 pri·

286 1780 367 1812 dem
386 1780 547 1815 denatus.
597 1780 753 1825 Arrepta
769 1781 836 1815 hae
853 1783 1040 1817 occasione
1058 1782 1240 1826 judicium
1256 1793 1379 1817 meum
1402 1785 1440 1816 et
1463 1782 1681 1817 sententiam
1698 1784 1740 1817 li-

286 1834 413 1867 benter
440 1834 702 1879 interponerem
730 1836 774 1869 de
800 1836 1035 1871 celeberrima
1063 1848 1106 1870 ea
1131 1837 1343 1880 quaestione,
1373 1848 1454 1881 quae
1482 1838 1588 1872 toties
1613 1838 1739 1882 agitari

285 1889 386 1929 solet,
413 1899 485 1933 quo
509 1891 614 1933 paeto
641 1890 811 1925 nimirum
836 1892 920 1924 sunt
943 1889 1178 1933 intelligenda
1203 1901 1246 1923 ea
1272 1891 1382 1925 verba
1412 1891 1618 1934 politissimi
1644 1892 1739 1926 Scri-

284 1942 406 1986 ptoris,
420 1943 573 1975 Cornelii
591 1944 754 1987 Nepotis,
767 1945 804 1978 in
821 1947 898 1977 vita
912 1945 1104 1989 Pomponii
1120 1944 1255 1978 Attici:
1276 1955 1327 1978 sc.
1376 1945 1398 1963 “
1413 1945 1597 1985 Quamdiu
1611 1947 1738 1990 adfuit,

285 2008 330 2030 ne
348 2007 419 2040 qua
434 1996 501 2028 sibi
523 1998 646 2029 statua
660 2000 867 2040 poneretur,
883 1998 1026 2040 restitit,
1044 1998 1172 2031 absens
1187 1997 1375 2041 prohibere
1390 2008 1463 2032 non
1484 2000 1614 2043 potuit.
1663 2001 1739 2035 Ita-

287 2061 358 2093 que
381 2049 516 2092 aliquot
540 2049 615 2092 Ipsi
641 2052 678 2082 et
702 2050 839 2084 Phidiae
868 2051 955 2085 loeis
983 2051 1217 2085 sanctissimis
1241 2051 1473 2096 posuerunt.’'
1520 2053 1594 2088 Ubi
1618 2054 1736 2091 Codd.

288 2104 386 2138 MSti
405 2114 485 2136 eum
512 2103 803 2138 hariolationibus
831 2105 1058 2148 Critieorum,
1084 2109 1121 2139 et
1142 2116 1294 2139 numero
1317 2109 1354 2140 et
1370 2107 1555 2151 varietate,
1583 2111 1737 2144 certant.

287 2158 359 2192 Alii
376 2158 480 2199 enim,
500 2157 576 2200 Ipsi
592 2160 633 2190 ut
648 2158 805 2193 Phidiae:
838 2160 907 2202 alii,
923 2160 999 2204 Ipsi
1016 2163 1053 2194 et
1073 2160 1186 2203 Piliae,
1203 2171 1286 2205 quae
1303 2171 1395 2194 uxor
1410 2161 1478 2195 fuit
1497 2162 1611 2196 Attici
1626 2175 1635 2198 ε
1663 2164 1736 2207 alii,

287 2212 363 2255 Ipsi
379 2214 415 2245 et
431 2212 554 2244 uxori:
569 2211 640 2254 alii,
657 2213 759 2246 Filiae
773 2224 781 2247 ε
797 2214 867 2256 alii,
881 2214 1020 2257 Philiae,
1037 2215 1060 2249 i.
1079 2225 1110 2249 e.
1125 2215 1312 2249 Amicitiae
1326 2226 1335 2250 z
1355 2215 1427 2257 alii,
1444 2217 1556 2251 Pilio:
1576 2218 1646 2260 alii,
1660 2218 1737 2263 Ipsi

289 2270 325 2299 ct
342 2266 587 2309 Reipublicae:
612 2267 670 2301 alii
686 2268 846 2311 demum,
863 2271 987 2314 Pnyce
1005 2272 1042 2303 et
1060 2269 1211 2311 Poecile,
1229 2274 1374 2314 propter
1391 2270 1430 2304 id
1447 2272 1546 2316 quod
1562 2273 1735 2317 sequitur,

289 2321 376 2355 loeis
400 2320 630 2354 sanctissimis
653 2326 861 2365 posuerunt.
913 2324 1009 2366 Quid
1035 2325 1103 2359 hoe
1126 2324 1232 2358 mali!
1259 2326 1443 2366 Quorsum
1458 2326 1539 2368 ista,
1562 2329 1736 2371 tantaque

287 2376 458 2410 varietas!
486 2375 638 2409 Constat
659 2377 734 2419 jam
764 2388 811 2411 ex
833 2389 941 2421 more,
968 2391 1077 2424 quem
1102 2380 1350 2424 tlelibavimt1S‚
1374 2380 1581 2424 Byzantios,
1605 2384 1736 2425 praeter

288 2431 457 2470 Coronas,
475 2430 602 2473 quibus
623 2431 663 2465 P.
681 2432 938 2467 Atheniensem
962 2435 1007 2468 ob
1034 2434 1178 2479 egregia
1202 2435 1282 2478 ejus
1298 2435 1426 2469 merita
1443 2436 1677 2479 donaverunt,
1692 2440 1735 2471 ut

287 2485 390 2518 istius
405 2484 453 2517 rei
478 2485 639 2518 testatior
667 2488 839 2521 memoria
856 2489 967 2531 fieret,
993 2489 1169 2534 imagines
1194 2490 1271 2525 sive
1296 2493 1431 2525 statuas
1454 2491 1599 2536 publice
1623 2492 1733 2526 etiam

287 2539 453 2581 erexisse,
470 2538 543 2571 scil.
568 2540 694 2579 εἰκόνας
714 2544 800 2583 τρεῖς
820 2543 1120 2588 ἑκκαιδεκαπὴχεις,
1139 2547 1174 2578 ἐν
1198 2549 1248 2589 τῷ
1272 2547 1444 2591 Βοσπόρῳ,
1468 2547 1734 2591 στεφανούμενον

288 2597 347 2627 τὸν
367 2595 471 2638 δᾶμον
496 2598 562 2626 τῶν
583 2594 775 2634 Ἀθηναίων
799 2598 865 2630 ὑπὸ
891 2603 935 2631 τῶ
961 2600 1050 2643 δάμω
1076 2604 1143 2634 τῶν
1170 2602 1364 2639 Βυζαντίων
1386 2603 1440 2634 καὶ
1465 2602 1666 2645 Περινθίωνὲ
1696 2605 1734 2636 et

289 2648 601 2681 Chersonesitanos
616 2647 740 2683 itidem
758 2651 803 2683 ob
820 2651 917 2685 istud
934 2654 1147 2688 beneficium
1165 2661 1357 2689 ΧΑΡΙΤΟΣ
1373 2658 1490 2700 βωμὸν
1505 2666 1733 2690 consecrasse

287 2705 339 2735 καὶ
358 2708 503 2736 ΔΙΙΜΟΥ
518 2703 722 2743 Ἀθηναίων.
771 2705 850 2749 Ego
872 2707 993 2751 itaque
1018 2709 1056 2742 in
1077 2710 1220 2754 Nepote
1245 2710 1373 2744 lubens
1399 2711 1607 2755 amplector,
1632 2711 1731 2754 quod

287 2757 496 2796 Lambinus,
521 2761 558 2791 et
586 2759 748 2791 nonnulli
779 2770 919 2803 sperare
947 2764 1066 2806 potius
1099 2765 1294 2807 audebant,
1323 2776 1433 2810 quam
1465 2766 1730 2808 commendare,

287 2820 415 2853 nempe
433 2814 472 2843 ut
489 2812 685 2854 legeremus
698 2813 758 2854 ibi,
777 2824 849 2849 IPSI
868 2819 905 2848 et
923 2827 1038 2851 rinei.
1066 2819 1182 2853 Immo
1197 2820 1293 2854 unde
1307 2821 1478 2854 damnant
1493 2819 1586 2854 hanc
1602 2819 1731 2863 Crisin,

286 2866 322 2898 in
340 2876 382 2897 eo
397 2875 567 2907 magnum
582 2868 688 2901 robur
704 2870 739 2900 ct
753 2869 1001 2912 adjumentum
1019 2883 1095 2906 esse
1111 2873 1225 2907 video.
1274 2875 1357 2908 Non
1374 2873 1502 2918 potuit,
1520 2874 1631 2917 aiunt,
1647 2877 1732 2918 post

287 2919 427 2962 Fidem,
443 2922 505 2952 aut
518 2920 656 2962 Filiam,
674 2927 736 2955 aut
750 2923 877 2957 Piliam
895 2927 963 2958 etc.
980 2925 1134 2967 adjicere
1149 2927 1226 2961 haee
1240 2928 1361 2969 verba,
1380 2928 1454 2962 scil.
1471 2928 1494 2945 “
1512 2936 1614 2962 HUNC
1632 2929 1728 2963 enim

286 2974 323 3007 in
340 2973 434 3006 omui
449 2974 695 3018 procuratione
714 2977 936 3022 Reipublicae
955 2982 1110 3014 actorem
1129 2984 1385 3026 auctoremque
1408 2981 1624 3018 habehant.”
1657 2983 1728 3032 §ed
