1928 3284
242 328 309 377 qui
331 334 461 378 partes
481 328 637 378 choragi
668 334 879 377 receperat,
907 327 1031 377 primo
1053 328 1139 365 leco
1166 327 1371 377 oportebat
1392 325 1573 375 deligere,
1596 338 1696 375 quos

242 389 459 440 producere
489 389 526 426 in
545 402 701 427 scenam
721 390 848 435 vellet,
876 394 913 426 et
943 402 1011 425 eos
1039 401 1109 438 per
1127 389 1335 437 artificem,
1359 401 1475 438 quem
1505 388 1700 443 χοροδιδά-

245 454 385 488 σκαλον
405 451 612 496 vocabant,
633 451 865 489 erudiendos
885 456 924 487 et
944 452 1180 489 exercendos
1202 464 1337 489 curare
1357 451 1394 488 in
1416 451 1459 488 iis
1480 451 1639 496 artibus,
1661 450 1699 487 in

246 513 390 563 quibus
418 513 491 551 sibi
519 514 682 551 certatio
702 519 804 550 esset
824 512 965 559 futura,
987 518 1069 549 tum
1102 514 1265 551 chorum
1285 513 1458 550 vestibus
1478 526 1523 550 ac
1548 511 1700 549 coronis

245 575 295 613 ad
316 576 585 613 solennitatem
615 574 796 612 ludorum
825 574 925 623 aptis
946 587 1095 622 ornare,
1123 581 1161 611 et
1180 588 1291 611 omne
1320 574 1560 624 choragium,
1584 572 1623 609 id
1644 577 1704 610 est

245 637 511 682 instrumenta,
534 649 781 686 quaecunque
804 649 870 673 seu
900 635 1044 673 fabulae
1077 636 1266 674 docendae
1295 649 1361 673 seu
1391 635 1454 674 alii
1476 634 1702 685 spectaculo

247 699 462 736 necessaria
481 704 623 742 essent,
646 698 799 747 privato
819 704 946 735 sumtu
960 697 1153 747 praebere.
1184 697 1296 735 Nihil
1309 697 1407 734 enim
1427 695 1701 741 dubitandum,

247 760 339 810 quin
370 759 559 808 ejusdem,
581 758 649 808 qui
680 759 807 797 choris
833 759 996 797 scenicis
1024 765 1192 796 sumtum
1213 764 1449 807 suggereret,
1479 757 1702 795 commissio

247 821 366 860 totius
386 821 466 858 ludi
490 827 604 859 esset.
662 821 763 858 Nam
790 821 946 858 omnino
975 820 1151 867 chorum,
1173 826 1356 869 tanquam
1385 818 1528 856 fabulae
1560 817 1704 868 prima-

248 885 341 922 riam
363 890 527 934 partem,
549 889 589 920 et
615 897 712 928 earu,
735 883 838 920 unde
862 882 1078 932 antiquitus
1104 883 1226 919 omnis
1247 881 1346 918 ratio
1376 893 1504 918 scenae
1525 878 1705 926 effloruit,

246 946 299 983 ita
320 945 453 983 Graeci
476 958 662 995 usurpare
684 951 979 989 consueverunt,
1009 950 1049 981 ut
1069 943 1175 981 verbi
1200 943 1257 980 vis
1277 942 1325 980 ad
1354 941 1570 979 universam
1590 940 1702 978 fabu-

245 1008 318 1045 lam
336 1013 501 1058 spectet.
559 1007 638 1044 Sed
659 1006 749 1044 satis
766 1007 814 1044 de
831 1005 1055 1055 clioragia.¹¹³

300 1071 491 1115 Alterum,
523 1072 822 1124 γυμνασιαρχία,
854 1069 1020 1119 pertinet
1042 1067 1089 1104 ad
1116 1066 1230 1104 ludos
1259 1066 1471 1117 gymnicos,
1492 1067 1529 1102 in
1560 1063 1704 1114 quibus

238 1130 428 1180 juventus
447 1131 713 1176 exercebatur,
735 1136 775 1167 et
795 1129 968 1167 similiter
987 1128 1146 1179 publice
1166 1128 1204 1165 in
1224 1127 1508 1172 Panathenaeis,
1531 1126 1703 1176 Hephae-

245 1192 349 1236 steis,
374 1191 615 1229 Prometheis
639 1198 679 1229 et
707 1191 790 1228 aliis
811 1190 1034 1228 solennibus
1061 1190 1355 1227 commissiones
1386 1187 1545 1225 fiebant.
1602 1188 1707 1224 Prae-

244 1260 353 1291 erant
378 1255 435 1291 his
457 1257 752 1307 γυμνασίαρχοι,
772 1252 910 1290 eodem
932 1251 1025 1297 fere,
1049 1264 1128 1300 quo
1150 1250 1324 1300 choragi‚
1345 1249 1464 1287 modo
1485 1262 1505 1286 a
1527 1249 1705 1287 tribubus

246 1315 389 1353 delecti
409 1316 445 1352 in
467 1321 617 1352 certum
633 1320 800 1365 tempus,
823 1313 941 1351 modo
958 1313 1109 1363 longius
1130 1312 1239 1356 illud,
1267 1311 1385 1349 modo
1412 1311 1583 1356 brevius,
1609 1324 1704 1348 non-

246 1390 444 1426 nunquam
477 1376 515 1414 in
543 1389 659 1414 unum
680 1389 864 1414 mensem.
922 1374 1110 1411 Mandata
1141 1374 1188 1411 iis
1219 1381 1300 1411 erat
1330 1373 1518 1424 gymnasii
1537 1371 1704 1421 alicujus

245 1444 312 1475 aut
333 1438 500 1489 ephebei
516 1451 608 1476 cura
630 1451 778 1475 summa
794 1444 831 1474 et
852 1442 1041 1487 potestaS‚
1058 1435 1212 1486 ipsique
1230 1448 1408 1472 exercere
1428 1448 1468 1472 se
1484 1434 1705 1471 volentibus

246 1499 389 1548 oleum,
410 1500 606 1549 pulverem
628 1499 905 1549 palaestricum,
924 1503 1042 1546 atque
1068 1497 1157 1546 alia,
1179 1509 1267 1545 quae
1289 1509 1382 1532 usus
1404 1501 1594 1545 posceret,
1618 1508 1707 1546 sup-

245 1561 486 1611 peditabant,
507 1561 744 1610 omninoque
760 1560 872 1597 ludos
891 1558 1165 1609 apparabant.¹¹
1212 1557 1387 1594 Tertium
1409 1569 1557 1601 munus,
1575 1557 1707 1606 paullo

247 1622 370 1660 rarius
396 1636 418 1660 a
444 1621 637 1660 veteribus
658 1627 1016 1664 commemoratum,
1038 1619 1123 1669 ejus
1152 1625 1222 1664 est,
1245 1618 1312 1667 qui
1339 1618 1514 1668 ἑστιάτωρ
1534 1617 1705 1667 appella-

247 1689 322 1721 tur.
378 1684 517 1721 Talem
544 1682 752 1733 oportebat
771 1683 808 1718 in
837 1681 955 1718 sacris
974 1680 1240 1728 festorumque
1261 1679 1409 1715 dierum
1432 1677 1565 1715 laetitia
1591 1678 1709 1715 tribu-

247 1744 347 1781 libus
369 1745 446 1781 suis
468 1743 625 1794 epulum
647 1742 762 1787 dare3
783 1741 890 1791 quod
911 1741 948 1778 in
966 1741 1031 1778 illa
1051 1740 1196 1777 vilitate
1217 1752 1343 1776 rerum
1365 1739 1570 1783 venalium,
1587 1751 1706 1788 quam

248 1807 410 1844 Athenis
432 1806 546 1843 fuisse
578 1805 731 1850 scimus,
751 1804 822 1841 nisi
843 1803 945 1841 forte
967 1815 1096 1840 mensa
1114 1802 1271 1839 lautitiis
1292 1801 1453 1851 opipare
1474 1800 1707 1838 exstruenda

246 1874 342 1916 erat,
363 1868 465 1905 haud
484 1881 632 1918 magnae
656 1867 840 1917 impensae
861 1879 944 1903 esse
964 1863 1107 1915 potuit.
1164 1864 1209 1901 Id
1229 1876 1368 1901 munus
1388 1863 1455 1913 qui
1475 1863 1634 1907 faceret,
1659 1876 1706 1899 ex

246 1943 314 1967 sna
336 1930 437 1967 tribu
464 1936 568 1966 sorte
590 1929 819 1973 ducebatur,
848 1927 921 1965 nisi
951 1927 981 1964 si
1011 1926 1098 1976 quis
1119 1933 1259 1976 sponte
1287 1939 1325 1963 se
1352 1925 1547 1963 facturum
1575 1931 1706 1962 osten-

245 1991 400 2029 disset.0
453 1992 538 2029 Jam
561 2003 736 2040 quaerere
767 1990 899 2039 libeat,
925 2002 1012 2039 quae
1040 1987 1155 2025 fuerit
1186 1987 1283 2024 ratio
1314 1993 1474 2032 sumtus,
1506 1986 1544 2024 in
1575 1999 1707 2024 unam-

696 220 854 263 FRID.
887 221 1026 262 AUG.
1059 219 1283 262 WOLFII

246 2096 276 2124 3.
294 2097 346 2125 12
392 2094 516 2123 Fabulae
530 2098 640 2127 autem,
657 2093 722 2121 sive
736 2092 872 2131 tragicae,
890 2092 955 2121 sive

247 2136 384 2171 comicae,
400 2137 466 2166 sive
487 2136 637 2174 satyricae,
661 2136 758 2164 tribus
781 2139 896 2164 tantum
914 2135 956 2163 fe-

247 2179 304 2209 stis
322 2179 483 2208 Bacchicis
499 2179 658 2214 dabantur,
686 2177 845 2216 Dionysiis
869 2178 956 2206 urba-

248 2222 294 2252 nis
325 2221 638 2261 magnificentissime‚
675 2226 704 2250 et
732 2220 786 2249 illo
819 2225 956 2259 tempore

246 2265 349 2303 plures
365 2275 453 2304 quam
476 2264 565 2299 alias,
590 2264 741 2293 interdum
756 2263 794 2292 ad
810 2263 954 2292 sedecim.

250 2308 298 2337 De
313 2318 373 2347 qua
391 2312 453 2337 tota
469 2318 501 2336 re
519 2307 580 2336 vid.
598 2306 753 2346 egregiam
778 2306 864 2335 Diss.
882 2307 955 2336 Bar-

247 2351 384 2381 thelemii
401 2351 429 2379 in
444 2351 536 2379 Mem.
553 2351 590 2379 (le
604 2349 624 2378 l'
640 2350 698 2379 Ac.
713 2350 744 2379 d.
761 2349 861 2378 Inscr.
878 2354 908 2378 et
924 2349 955 2378 d.

248 2395 286 2423 B.
310 2395 345 2423 L.
369 2394 406 2423 T.
434 2393 606 2423 XXXIX.
652 2394 761 2431 ltaque
790 2392 840 2420 ubi
870 2403 956 2421 com-

248 2442 452 2467 memorantur
464 2436 588 2474 choragi
603 2436 632 2464 in
641 2435 853 2464 Panathenaeis
866 2436 956 2464 utris-

249 2491 316 2519 que¹
334 2480 364 2509 in
374 2479 557 2518 'marg-eliis,
574 2479 602 2508 in
623 2478 691 2508 aliis
710 2478 896 2513 solennibus,
914 2478 957 2507 ibi

251 2524 288 2552 de
303 2523 400 2553 altero
414 2533 523 2561 genere
540 2521 713 2557 chororum,
726 2531 784 2550 non
802 2521 840 2550 de
858 2521 958 2550 sceni-

250 2577 299 2600 co,
313 2565 509 2603 cogitandum
521 2570 578 2594 est.

291 2614 314 2629 ¹¹¹
327 2608 507 2638 Accuratior
536 2608 677 2637 tractatio
709 2608 753 2636 rei
781 2606 871 2647 hujus
898 2606 956 2635 loci

249 2662 308 2681 non
325 2657 384 2681 est.
429 2651 513 2680 Nihil
532 2651 624 2690 igitur
640 2650 706 2680 dixi
732 2650 771 2680 de
791 2649 957 2679 certatione

250 2695 461 2734 choragorum,
475 2694 545 2722 nihil
560 2695 598 2723 de
608 2694 800 2734 ἀντιχορηγοῖς
813 2693 858 2734 (h.
869 2702 898 2721 e.
909 2692 959 2727 iis,

251 2748 267 2766 a
278 2738 387 2777 quibus
401 2742 553 2766 certamen
568 2737 669 2772 fiebat,
679 2737 788 2775 cuique
806 2746 862 2775 pro
876 2735 957 2764 tribu

250 2779 320 2819 sua)
333 2781 412 2819 quod
426 2780 549 2809 verbum
567 2780 626 2809 rari
645 2790 717 2809 usus
733 2780 863 2817 legimus
876 2778 958 2816 apud

251 2824 401 2853 Andocid.
419 2823 448 2852 in
465 2823 564 2852 Aleib.
580 2833 610 2861 p.
626 2826 697 2852 1‘21.
711 2826 741 2852 et
756 2824 904 2853 Nostrum
925 2821 956 2850 in

252 2867 377 2895 Midian)
405 2867 499 2906 5217.
525 2871 594 2894 ante
615 2866 695 2895 med.
717 2866 743 2905 ᾗ.
764 2869 812 2895 18.
835 2875 851 2893 a
878 2865 958 2894 med.

252 2909 324 2938 nihil
348 2910 478 2947 denique
498 2909 534 2937 de
556 2909 702 2947 praemiiS,
719 2919 845 2947 quorum
865 2908 958 2936 bonor

252 2953 286 2980 ad
301 2952 382 2990 ipsas
397 2953 494 2981 tribus
507 2952 688 2990 pertinebat,
699 2952 737 2980 de
748 2951 932 2990 tripodibns,
944 2961 959 2980 a

252 2994 365 3024 victure
379 3005 445 3023 enm
458 3004 563 3032 magna
581 2995 751 3024 caerimonia
769 2993 957 3023 consecratis

994 2096 1053 2120 etc.
1088 2091 1201 2120 'l'amen
1219 2091 1357 2120 conferre
1375 2100 1475 2128 operae
1491 2090 1622 2128 pretium
1648 2090 1706 2118 erit

992 2134 1151 2172 Aristoph.
1167 2134 1243 2162 Rau.
1258 2143 1286 2161 v.
1300 2135 1350 2163 94.
1363 2134 1489 2170 ejusque
1501 2132 1604 2161 Scliol.
1623 2132 1659 2161 ad
1674 2143 1704 2161 v.

992 2179 1065 2207 406.
1076 2176 1254 2214 Antiphont.
1266 2177 1350 2205 Orat.
1364 2175 1417 2204 ult.
1430 2174 1490 2214 πεξῖ
1501 2176 1550 2203 τοῦ
1560 2176 1706 2215 >copem-03,

993 2219 1154 2249 Demostli.
1188 2219 1352 2248 Midianam
1388 2218 1503 2256 passim
1537 2228 1605 2246 eum
1645 2218 1705 2247 Ar-

992 2273 1103 2302 gumm.
1122 2273 1178 2300 gr.,
1201 2262 1271 2291 adv.
1297 2261 1456 2300 Phaenipp.
1477 2271 1508 2299 p.
1542 2262 1636 2290 1045.
1655 2261 1704 2290 ed.

994 2307 1031 2335 R.
1077 2305 1144 2334 lsaei
1163 2305 1217 2334 Or.
1243 2306 1282 2334 de
1302 2305 1441 2342 Dicaeog.
1464 2304 1568 2333 hered.
1586 2315 1615 2343 p.
1631 2306 1705 2334 113.

994 2350 1041 2378 De
1057 2348 1203 2387 Apollod.
1221 2348 1324 2377 hei-ed.
1343 2358 1374 2386 p.
1396 2349 1465 2375 187.
1478 2350 1509 2375 et
1522 2357 1560 2375 ex
1577 2346 1708 2376 recenti-

992 2392 1108 2425 oribus,
1125 2398 1238 2430 praeter
1255 2391 1350 2420 libros
1378 2393 1479 2425 notos,
1498 2389 1659 2419 Vandal.l.
1675 2400 1704 2419 c.

992 2446 1022 2473 p.
1039 2436 1112 2465 675.
1126 2445 1210 2472 seqq.

1035 2482 1050 2497 ¹¹
1068 2477 1117 2506 De
1130 2475 1309 2506 discrimine
1321 2474 1539 2515 γυμνασιάρχου
1547 2478 1578 2504 et
1593 2485 1706 2513 γυμνα-

992 2521 1063 2550 στοῦ
1080 2526 1150 2550 nota
1164 2524 1212 2549 est
1223 2518 1388 2549 admonitio
1403 2517 1556 2548 Perizonii
1573 2518 1611 2546 ad
1629 2516 1706 2546 AEli-

993 2573 1040 2592 an.
1056 2563 1094 2592 V.
1113 2564 1154 2592 H.
1173 2563 1217 2592 ΙΙ.
1236 2564 1265 2592 6.
1292 2561 1340 2591 Ad
1364 2561 1480 2599 reliqua
1504 2560 1585 2589 conf.
1602 2560 1704 2590 Schol.

993 2607 1028 2635 ad
1047 2606 1134 2635 Orat.
1150 2609 1172 2640 ς.
1183 2605 1207 2635 ἦ.
1225 2605 1255 2634 in
1272 2605 1323 2634 fin.
1338 2603 1464 2633 vandal.
1478 2613 1510 2642 p.
1526 2603 1600 2632 584.
1615 2613 1702 2642 seqq.

993 2654 1024 2678 et
1049 2648 1169 2678 Corsin.
1198 2648 1284 2677 Fasl.
1316 2647 1378 2676 Att.
1410 2647 1457 2676 11.
1482 2656 1512 2684 p.
1536 2648 1609 2676 133.
1655 2647 1704 2675 Ex

992 2693 1166 2729 conjectura
1179 2692 1247 2720 oleo
1269 2689 1366 2729 adjeci
1380 2689 1547 2728 pulverem,
1563 2689 1602 2718 de
1616 2690 1704 2726 cujus

992 2744 1103 2773 genere
1121 2734 1191 2763 vide
1214 2733 1291 2768 loca,
1313 2743 1380 2770 quae
1408 2731 1549 2771 designat
1572 2732 1704 2761 Casaub.

993 2778 1030 2806 ad
1044 2777 1200 2816 Theophr.
1215 2776 1305 2806 Char.
1321 2778 1351 2806 5.

1034 2824 1048 2839 ⁰
1065 2820 1153 2850 Conf.
1177 2820 1289 2849 Pollux
1314 2819 1377 2847 ΙΙΙ.
1397 2821 1447 2849 67.
1466 2817 1651 2856 Harpocrat.
1675 2829 1706 2847 v.

993 2862 1148 2901 ἑστιάτωξ.
1214 2861 1341 2890 Salmas.
1371 2862 1550 2890 Observatt.
1579 2861 1617 2890 ad
1646 2862 1706 2891 Jns

994 2907 1057 2935 Att.
1078 2911 1108 2934 et
1132 2906 1220 2934 Rom.
1248 2915 1278 2943 p.
1307 2907 1360 2933 72².
1422 2904 1505 2933 Hinc
1527 2902 1627 2942 ἐστιξίν
1656 2904 1706 2933 τὴν

993 2949 1090 2987 φυλήν,
1108 2949 1186 2986 apud
1219 2948 1376 2977 Demosth.
1401 2947 1428 2975 in
1459 2945 1584 2976 Midiam
1610 2946 1637 2986 §.
1653 2948 1707 2975 44.

995 2998 1023 3021 ct
1042 2992 1122 3021 alibi.
