1928 3284
263 210 374 259 384·
690 227 848 271 FRID.
883 229 1022 271 AUG.
1054 229 1272 271 WOLFII
1303 269 1306 272 ,

318 329 369 368 Et
388 330 609 370 addendum
630 340 689 371 est
717 334 867 385 aliquid
897 335 946 372 de
975 334 1173 373 antidosi.⁰
1227 336 1288 373 Ne
1309 336 1397 385 quis
1426 336 1525 374 enim
1558 349 1715 376 excusa-

261 391 364 428 tione
394 392 593 431 tenuitatis
613 407 709 432 onus
730 408 840 433 suum
866 394 1048 446 defugere
1075 402 1222 445 posset,
1244 409 1340 434 neve
1367 396 1406 435 id
1437 397 1649 448 accideret,
1668 401 1712 436 ut

259 451 329 502 qui
346 453 514 503 cuipiam
541 468 588 492 ex
612 456 819 493 tribulibus
842 456 1039 505 negotium
1060 456 1264 503 facessere,
1286 470 1453 507 eumque
1475 458 1524 496 ad
1544 470 1711 508 pauper—

259 519 377 552 tatem
403 515 575 566 redigere
607 518 736 567 vellet,
765 517 890 554 minus
918 518 1146 567 opulentum
1179 519 1361 569 suffragio
1391 533 1462 557 suo
1490 519 1541 557 ad
1573 519 1710 557 chora-

256 575 371 625 giam,
400 577 661 615 trierarchiam
690 582 757 615 aut
789 577 895 614 aliud
921 577 1035 627 quidp
1066 578 1310 629 designaret3
1342 585 1596 630 prospectum
1627 585 1711 618 erat

257 638 378 674 veteri
397 638 481 688 lege
498 641 576 689 περὶ
593 641 667 676 τῶν
685 638 923 688 ἀντιδόσεων,
944 638 1056 688 cujus
1077 639 1347 677 auctoritatem
1374 640 1423 678 ad
1447 641 1627 678 Solonem
1649 653 1709 678 re.

255 698 397 736 ferunt.
455 700 530 736 Res
562 698 736 744 ridicula,
758 706 810 744 et,
841 705 884 736 ut
912 712 1046 737 verum
1072 699 1260 746 dicamus,
1294 701 1550 739 subabsurda.
1606 702 1707 740 Nam

256 759 301 805 is,
323 760 389 810 qui
411 760 632 809 designatus
659 765 752 805 erat,
776 761 807 797 si
827 774 944 810 quem
963 761 1203 811 praeteritum
1229 775 1313 799 esse
1334 762 1614 811 opulentiorem
1635 776 1708 813 pu-

255 821 378 867 tabat,
404 827 568 870 poterat,
589 834 863 871 quemcunque
887 822 1014 867 vellet,
1040 823 1252 867 nominare,
1273 822 1324 860 ab
1346 834 1472 871 eoque
1490 828 1637 872 petere,
1663 829 1708 861 ut

254 888 321 919 aut
350 882 433 932 ipse
463 895 599 919 munus
630 883 838 932 reciperet,
860 888 927 920 aut
954 895 1084 920 secum
1106 882 1310 920 facultates
1335 888 1586 933 permutaret.
1643 884 1706 922 lta

253 943 471 980 nominatus
504 943 730 981 alterutrum
763 943 890 981 facere
923 943 1153 993 cogebatur.
1208 944 1246 980 Si
1276 944 1521 982 detrectabat
1554 956 1704 991 munus,-

252 1016 466 1054 pernegans
482 1017 521 1041 se
541 1004 720 1042 ditiorem
742 1018 837 1050 esse,
860 1004 1011 1042 aedibus
1033 1010 1072 1042 et
1092 1005 1271 1042 omnibus
1299 1005 1413 1043 rebus
1433 1005 1518 1054 ejus
1538 1005 1704 1055 sigillum

252 1065 538 1115 imponebatur,
557 1079 603 1103 ne
624 1066 719 1115 quid
743 1066 830 1104 inde
846 1066 922 1103 alio
939 1073 1143 1116 exportare
1164 1073 1308 1117 posset.
1360 1067 1461 1104 Tum
1486 1067 1601 1104 ambo
1629 1067 1706 1105 liti-

252 1133 399 1176 gantes,
427 1127 656 1177 interposito
679 1127 950 1177 jurejurando,
971 1128 1074 1164 bona
1103 1140 1171 1165 sua
1198 1127 1339 1172 onmia,
1360 1133 1622 1177 praeterquam
1642 1141 1703 1173 ea,

253 1200 342 1236 quae
364 1187 401 1224 in
422 1187 715 1237 argentifodinis
732 1194 856 1233 erant,
878 1188 1174 1226 commentarioq
1195 1188 1422 1238 consignata
1448 1188 1561 1225 edere
1582 1188 1703 1226 debe-

251 1248 368 1292 bant3
405 1261 542 1286 caussa
574 1249 611 1286 in
639 1248 837 1297 judicium
872 1249 1155 1288 deducebatur.
1213 1249 1358 1286 Mirum
1391 1254 1463 1293 est,
1492 1249 1599 1298 quod
1632 1262 1704 1299 per

251 1309 353 1346 hanc
369 1309 563 1347 antidosin
583 1309 697 1347 etiam
715 1309 847 1347 civiles
867 1310 1041 1348 actiones
1056 1311 1156 1360 ejuS,
1175 1310 1280 1348 unde
1300 1310 1519 1360 petebatur,
1539 1310 1586 1348 ad
1608 1310 1703 1348 alte-

248 1382 335 1408 rum
364 1370 524 1408 transire
555 1377 800 1409 consuerant.
858 1371 938 1409 Sed
960 1372 1072 1421 plura
1100 1372 1171 1410 iste
1191 1384 1272 1409 mos
1293 1371 1538 1409 incommoda
1559 1371 1702 1410 habere

249 1430 398 1478 debuit,
418 1432 456 1469 in
485 1432 660 1470 1115111311
687 1446 765 1470 11011
794 1432 1003 1479 minimum,
1030 1432 1137 1482 quod
1156 1445 1226 1482 per
1253 1445 1341 1470 eum
1369 1432 1563 1470 interdum
1585 1433 1702 1470 rebus

248 1493 427 1543 gerendis
448 1507 594 1531 moram
621 1494 742 1543 objici
761 1507 919 1532 necesse
940 1499 1070 1532 1155111.ΙΓ
1123 1494 1244 1531 Mitto
1263 1494 1411 1544 privata
1439 1494 1700 1533 incommoda.

249 1555 349 1597 Quis
370 1555 435 1591 illa
455 1568 530 1592 non
550 1555 780 1605 pervideat?
811 1556 911 1593 Sane
931 1555 1089 1593 omnino
1110 1554 1142 1592 si
1170 1555 1256 1592 haec
1283 1561 1322 1592 et
1341 1555 1426 1601 alia,
1448 1568 1536 1604 quae
1569 1555 1700 1593 hacte-

242 1622 321 1653 1135
342 1617 582 1667 scripsimus,
604 1618 761 1668 cognita
780 1617 968 1654 haberent
995 1617 1034 1664 ii,
1062 1616 1130 1666 qui
1157 1616 1275 1654 hodie
1303 1629 1407 1666 saepe
1435 1616 1542 1654 bellis
1569 1617 1701 1655 decla-

245 1677 479 1715 mationibus
512 1678 666 1716 beatam
698 1678 920 1716 libertatem
953 1678 1197 1727 antiquarum
1232 1677 1431 1715 civitatum
1463 1677 1698 1725 desiderant,

245 1751 306 1775 nze
327 1738 392 1784 illi,
408 1745 518 1788 puto,
539 1738 606 1776 tali
626 1745 804 1776 votorum
822 1739 1038 1777 temeritate
1058 1739 1308 1776 abstinerent.

299 1799 488 1846 Alterum,
512 1799 561 1837 de
588 1813 667 1849 quo
687 1800 958 1850 explicandum
990 1800 1103 1839 nobis
1124 1814 1207 1839 esse
1227 1800 1406 1847 diximus,
1436 1806 1494 1838 est
1513 1800 1562 1838 de
1582 1801 1699 1840 modo

244 1860 371 1910 legum
400 1860 658 1907 ferendarum,
689 1861 816 1911 qualis
845 1861 949 1912 apud
973 1862 1231 1900 Athenienses
1258 1862 1296 1899 in
1328 1875 1399 1899 usu
1426 1862 1500 1900 suit
1520 1863 1698 1901 Oratoris

245 1922 402 1960 saeculo.
459 1923 547 1966 Qua
581 1923 618 1960 in
649 1936 702 1968 re,
723 1923 754 1960 si
787 1924 902 1973 plane
932 1924 1095 1961 rudibus
1121 1924 1207 1961 haec
1237 1924 1505 1969 scriberemus,
1528 1923 1567 1961 id
1596 1930 1698 1963 esset

243 1984 578 2032 praemonendum,
610 1984 824 2022 sciscendae
854 1984 914 2021 vel
935 1983 1127 2033 jubendae
1158 1984 1252 2035 legis
1281 1984 1554 2022 auctoritatem
1579 1997 1697 2035 penes

245 2043 436 2093 Populum
461 2044 590 2090 fuisse,
610 2044 744 2082 latoris
771 2044 895 2082 nullas
916 2044 1032 2082 fuisse
1053 2051 1197 2094 partes,
1218 2045 1289 2082 nisi
1309 2051 1353 2083 ut
1372 2045 1560 2083 scriberet
1579 2051 1618 2083 et
1638 2059 1698 2083 ro-

241 2110 359 2153 garet.
420 2105 546 2142 Nemo
568 2118 657 2143 vero
678 2111 737 2143 est
757 2111 833 2142 tam
852 2105 1065 2155 imperitus,
1089 2106 1182 2156 quin
1204 2106 1314 2152 sciat,
1330 2107 1405 2143 hoc
1424 2119 1502 2143 uno
1531 2106 1695 2144 maxime

244 2165 400 2203 differre
429 2166 567 2204 liberas
597 2166 783 2203 Civitates
810 2166 859 2203 ab
890 2166 1002 2203 11111115
1033 2172 1100 2204 aut
1132 2179 1344 2216 paucorum
1372 2166 1547 2215 imperio,
1574 2166 1695 2215 quod,

244 2239 365 2275 quum
385 2227 489 2276 apud
517 2227 600 2264 illas
627 2226 831 2277 imperium
862 2227 910 2264 sit
932 2227 1073 2276 legum,
1095 2239 1171 2263 non
1199 2227 1407 2273 hominum,
1428 2227 1576 2276 legibus
1600 2227 1694 2277 ipsae

987 2343 1093 2372 Altera
1119 2342 1197 2372 inter
1217 2342 1473 2373 Demosthenicas
1495 2342 1618 2382 legitur,
1642 2345 1695 2373 ad-

195 2364 199 2367 ·
243 2343 344 2378 nibus,
359 2343 470 2381 quibus
484 2353 560 2382 opus
577 2348 658 2373 esset
674 2342 836 2382 quotannis
850 2343 888 2372 ad
901 2353 952 2372 en-

988 2396 1095 2414 versus
1110 2386 1314 2424 Phaenippum
1336 2386 1449 2420 habita,
1463 2396 1529 2424 quae
1544 2391 1608 2416 tota
1626 2397 1695 2416 ver-

243 2385 345 2424 cyclia
368 2395 501 2416 munera.
556 2386 670 2424 Quidni
695 2390 794 2416 tamen
818 2387 877 2425 ipsi
903 2387 952 2416 vel

243 2428 293 2457 uui
317 2428 348 2457 in
374 2438 411 2457 eo
427 2429 518 2458 fidem
540 2429 725 2458 habeamus?
769 2429 880 2458 Putida
905 2433 952 2459 est

243 2475 275 2500 et
289 2470 415 2500 nimium
429 2481 517 2509 quam
539 2471 642 2511 inepta
663 2471 756 2500 Petiti
780 2472 951 2501 emendatio

243 2514 306 2543 LL.
323 2514 390 2543 AA.
412 2524 442 2552 p.
458 2516 531 2545 372.
555 2514 588 2543 in
617 2514 690 2548 illis,
714 2513 845 2552 ἑξήκοντα
874 2515 951 2550 ἴσως,

242 2555 257 2587 ἢ
282 2556 376 2596 punge?
397 2556 508 2591 πλείους
537 2556 716 2596 σύμπαντες
744 2553 828 2585 οἶτσι.
888 2558 950 2586 Oc-

243 2599 325 2628 curri
341 2600 496 2638 praecipuo
519 2599 613 2629 errori
635 2598 764 2628 hominis
779 2598 809 2627 in
827 2604 898 2627 nota
913 2600 951 2628 ad

242 2641 268 2680 ᾗ.
286 2640 321 2679 ζ’.
337 2642 358 2670 l.
373 2653 399 2671 c.
416 2643 512 2680 ipsam
531 2644 734 2681 conjecturam
750 2651 809 2670 non
827 2641 948 2680 diguam

241 2689 410 2714 memoratu
440 2685 528 2722 duxi,
558 2689 591 2714 ut
622 2684 738 2715 similes
768 2683 844 2714 alias
875 2684 951 2714 alio-

240 2737 318 2757 rum.

283 2773 298 2788 ⁰
316 2771 392 2799 Duae
417 2774 540 2800 exstant
565 2770 665 2799 Oratt.
696 2768 765 2809 ωεξὶ
789 2767 950 2803 ἀντιδόσεως

242 2811 410 2851 inscriptae,
437 2823 497 2842 una
521 2813 680 2848 Isocratis,
707 2811 888 2851 composita,
914 2816 949 2842 ut

241 2855 360 2893 opinor,
376 2855 501 2894 Olymp.
517 2857 590 2885 106,
613 2865 704 2894 quum
728 2866 745 2884 a
766 2854 948 2893 Lysimacho

240 2898 371 2935 quodam
386 2898 425 2927 ad
440 2898 591 2927 antidosin
616 2902 742 2928 vocatus
765 2902 841 2928 erat.
885 2897 947 2927 Sed

240 2939 270 2968 in
286 2940 341 2969 hac
355 2939 464 2981 μελέτῃ
487 2940 576 2980 plura
597 2940 732 2980 reperias
752 2940 792 2970 de
807 2941 946 2971 Oratoris

240 2981 304 3012 vita
327 2986 356 3012 et
382 2983 503 3020 studiis,
526 2993 616 3024 quam
641 2984 681 3014 de
708 2982 849 3015 instituto
877 2983 943 3015 illo.

987 2434 1070 2457 satur
1087 2428 1117 2457 in
1133 2438 1169 2457 eo
1182 2428 1331 2464 instituto,
1348 2429 1522 2466 etjucunda
1538 2429 1619 2459 lectu
1636 2434 1693 2460 est.

986 2471 1120 2500 Verbum
1143 2472 1260 2510 proprii
1276 2481 1347 2500 usus
1364 2471 1412 2500 hic
1428 2472 1556 2507 notabis,
1570 2472 1694 2502 ἀντιδοῦ-

986 2524 1026 2543 ναι
1043 2514 1187 2546 ἀλλήλοις.

1028 2561 1045 2581 P
1059 2556 1189 2585 Videtur
1211 2555 1358 2585 antidosis
1382 2555 1483 2584 locum
1499 2554 1644 2585 habuisse
1660 2556 1691 2586 in

986 2598 1124 2628 omnibus
1157 2599 1329 2628 muneribus
1366 2598 1544 2633 sumtuosis,
1572 2608 1631 2627 non
1660 2599 1690 2628 in

986 2641 1051 2670 sola
1077 2641 1273 2677 trierarchia;
1297 2649 1467 2680 quanquam
1491 2640 1522 2669 in
1544 2640 1602 2669 hac
1624 2651 1691 2671 cre-

985 2683 1080 2718 brius,
1103 2694 1191 2722 qnam
1215 2683 1300 2713 alibi.
1356 2684 1403 2712 De
1427 2682 1570 2721 choragia
1595 2687 1692 2714 testes

985 2728 1053 2755 sunt
1069 2726 1215 2765 Xenoph.
1229 2727 1338 2755 OEcon.
1353 2726 1426 2754 VII.
1442 2727 1472 2756 3.
1508 2724 1618 2764 Lysias
1634 2727 1689 2756 Or.

984 2768 1115 2798 XXIV.
1130 2779 1162 2808 p.
1177 2770 1250 2799 745.
1275 2768 1436 2798 Demosth.
1452 2768 1574 2807 Leptin.
1596 2768 1621 2809 §.
1634 2767 1690 2809 κζ’.

984 2811 1022 2840 ad
1037 2812 1087 2840 fin.

1027 2859 1041 2880 ι1
1054 2852 1227 2892 Ἀπόφανσιν
1241 2853 1395 2888 dixerunt,
1410 2862 1465 2883 nos
1477 2852 1572 2891 vulgo
1587 2853 1689 2883 inven-

981 2897 1100 2926 tarium.

1024 2943 1036 2959 ¹*
1050 2938 1121 2968 Vid.
1133 2938 1278 2977 Xenoph.
1297 2938 1334 2968 de
1351 2939 1430 2978 Rep.
1444 2938 1556 2970 Athen.
1572 2937 1636 2970 ΠΙ.
1653 2940 1684 2970 4.

982 2982 1142 3013 Demosth.
1159 2981 1296 3021 Philipp.
1314 2982 1341 3012 1.
1357 2984 1381 3016 §.
1396 2980 1443 3020 ιγ’.
