1928 3284
258 219 307 254 M)
850 215 1103 257 TAYLORI

303 315 575 360 Demosthenes,
592 329 704 364 quum
721 318 766 353 ad
781 319 1039 355 Desensionem
1057 320 1219 361 accedat,
1231 320 1365 354 meritis
1381 319 1418 353 in
1436 319 1562 364 Remp.
1581 318 1702 356 fretus

256 377 292 407 et
306 374 464 418 plurimis
480 374 739 408 benevolentias
757 374 879 418 signis,
900 385 981 409 eam
997 378 1135 419 partem
1153 374 1430 420 Disputationis‚
1446 385 1529 418 quae
1548 374 1582 406 in
1600 373 1709 415 Legi—1

256 428 324 461 bus
348 428 564 468 continetur,
575 432 611 462 et
626 429 662 462 in
677 438 749 472 qua
763 428 906 463 inferior
928 439 1005 463 esse
1022 429 1193 469 creditur,
1211 434 1437 473 στρατηγικῶς
1461 430 1566 467 πάνυ,
1583 426 1639 469 (ut
1655 427 1707 459 ait

254 482 314 515 ille
333 481 468 515 Rhetor
483 481 519 514 in
535 480 789 525 Argumento,)
806 484 916 526 atque
940 484 983 515 ut
1000 482 1261 526 Imperatorem
1285 483 1523 516 exercitatum
1542 480 1706 521 decebat,

256 536 293 569 in
310 536 462 570 mediam
483 537 694 570 Orationem
719 535 887 579 conjecit.
935 536 985 570 Et
1007 538 1131 570 tamen
1156 537 1289 580 saepius
1313 537 1370 569 isti
1396 536 1546 569 honores
1572 535 1708 567 Demo-

256 589 378 623 stheni-
391 590 643 624 deferebantur
669 590 788 624 verbis
812 590 951 633 iisdem,
979 593 1088 635 atque
1116 590 1243 624 iisdem
1273 591 1550 629 conditionibus,
1576 589 1708 633 quibus

255 654 355 677 nune
372 644 542 688 Ctesipho
559 644 761 679 deferebat:
784 644 953 678 AEschine
968 645 1047 689 ipso
1065 645 1276 690 neutiquam
1293 645 1558 688 interpellante.
1598 643 1707 683 Quod

255 700 376 731 tamen
393 698 530 733 sactum
553 698 675 742 potius
700 699 871 741 oportuit,
894 708 1004 743 quam
1032 709 1129 733 nunc
1154 699 1275 733 denuo
1302 699 1384 732 lites
1406 697 1588 742 persequi,
1612 700 1709 740 post-

254 763 365 795 quam
382 763 425 785 ea
442 752 550 786 Ratio
568 752 824 796 Ctesiphontis,
848 763 1082 797 quamnunc
1108 753 1307 787 convellere
1333 751 1548 792 instituerat,
1575 754 1612 784 et
1628 750 1711 784 diu-

256 805 427 838 turnitate
442 805 643 849 Temporis,
669 809 706 840 et
722 805 938 850 repetitione
962 806 1135 848 Honoris,
1161 809 1199 839 et
1226 805 1508 850 praesumptione
1528 804 1622 848 juris
1647 805 1710 837 ali-

257 859 359 902 quod
389 859 612 893 auctoritatis
649 863 845 894 consecuta
869 870 950 894 esse
981 859 1177 894 videretur.
1239 860 1334 894 Eam
1361 859 1716 902 argumentationem

255 913 365 947 latius
380 916 574 958 pertracta-t
591 913 855 947 Demosthenes
879 914 906 957 §-
922 914 968 951 ξέ.
997 918 1111 948 Ταῦτα
1136 917 1178 947 τὰ
1202 915 1411 958 ψηφίσματα,
1436 911 1460 946 ὧ
1477 913 1593 957 ἄνδρες
1607 913 1709 951 'it-&rr

255 971 358 1008 ναῖοι,
372 971 432 1008 τὰς
448 970 553 1008 αὑτὰς
571 969 759 1010 συλλαβὰς,
778 970 832 1001 καὶ
849 970 892 1001 τὰ
908 969 995 1002 αὐτὰ
1011 968 1146 1013 ῥήματα
1162 970 1242 1011 ἔχει,
1260 970 1347 1011 ὅπερ
1365 968 1527 1012 πρότερον
1542 969 1603 1010 μὲν
1623 967 1712 1009 Ἀρι-

256 1024 420 1064 στόνικος,
437 1027 502 1056 νῦν
518 1023 550 1055 δὲ
569 1026 747 1065 Κτησιφῶν
771 1023 933 1067 γέγραφεν
959 1024 1083 1056 οὑτοσί.
1110 1024 1164 1056 καὶ
1189 1022 1284 1056 ταῦτ’
1302 1023 1466 1065 Αἰσχίνης
1491 1022 1558 1054 οὔτ’
1582 1021 1715 1058 ἐδίωξεν

256 1079 371 1118 αὐτὸς,
399 1079 472 1111 οὔτε
503 1081 552 1120 τῷ
579 1077 784 1121 γραψαμένῳ
813 1079 1095 1122 συγκατηγόρησε.
1145 1077 1280 1112 Exstat
1307 1076 1466 1120 quidem,
1491 1078 1534 1109 ut*
1559 1075 1609 1108 ait
1627 1075 1712 1115 Ille,

256 1132 355 1166 istud
371 1133 570 1167 Decretum
586 1131 792 1172 Aristonici,
807 1131 938 1166 iisdem
954 1143 1059 1177 paene
1075 1132 1194 1167 verbis
1209 1134 1399 1165 exaratum
1413 1131 1441 1175 ξ.
1453 1131 1516 1165 ecs'.
1551 1129 1712 1163 Exstant

258 1187 368 1220 etiam
391 1187 422 1231 ξ.
449 1180 511 1220 λδ.
527 1185 846 1230 Decretapariter,
862 1197 947 1231 quae
961 1187 1138 1227 Nausieli‚
1154 1197 1238 1230 quae
1252 1186 1468 1220 Charidemo
1485 1187 1522 1218 et
1535 1184 1713 1226 Diotimo,

258 1251 413 1284 quorum
441 1251 551 1274 causa
582 1251 604 1273 a
628 1250 739 1273 causa
757 1240 1014 1274 Demosthenis
1039 1251 1111 1273 non
1136 1240 1361 1279 abhorrebat,
1388 1240 1535 1273 eosdem
1559 1238 1715 1272 honores

257 1294 480 1336 deferebant,
505 1304 596 1338 quos
624 1304 721 1328 nunc
748 1298 850 1338 rogat
873 1294 1047 1340 Ctesipho
1072 1293 1309 1328 Demostheni
1335 1294 1492 1327 decerni.
1541 1294 1713 1333 Πολλάκις

253 1351 315 1393 μὲν
332 1351 539 1393 ἐστεφανώθη
554 1348 851 1393 (Demosthenes)
873 1350 1035 1393 πρότερον
1057 1352 1119 1392 μὲν
1143 1350 1210 1382 ὑπὸ
1234 1350 1456 1392 Δημομελοῦς,
1472 1348 1713 1391 Ἀριστονίκου,
1751 1371 1762 1380 .

254 1404 428 1447 Ὑπερίδου
450 1405 566 1447 χρυσῷ
582 1402 745 1446 στεφάνῳ,
761 1405 954 1436 τελευταῖον
977 1404 1093 1441 δὲὺπὸ
1111 1407 1358 1446 Κτησιφῶντος·
1376 1404 1430 1435 καὶ
1446 1402 1630 1446 γραφέντος
1654 1405 1713 1435 τοῦ

256 1458 468 1502 ψηφίσματος
493 1458 700 1501 παρανόμων
721 1458 789 1492 ὑπὸ
807 1458 973 1502 Διοδότου,
994 1460 1048 1492 καὶ
1066 1459 1241 1502 Αἰσχίνου,
1257 1458 1530 1502 ἀπολογούμενος
1550 1459 1716 1499 ἐνίκησεν,

258 1514 340 1545 ὥστε
357 1515 395 1545 τὸ
409 1511 566 1556 πέμπτον
581 1512 677 1556 μέρος
690 1516 757 1545 τῶν
770 1512 890 1556 ψήφων
906 1515 967 1546 τὸν
983 1513 1142 1547 διώκοντα
1153 1515 1199 1557 μὴ
1213 1513 1431 1557 μεταλαβεῖν.
1455 1511 1638 1555 Αυοῐοῑὶε,
1649 1513 1714 1556 qui

257 1566 443 1601 Plutarchi
456 1576 586 1600 nomen
603 1566 808 1609 ementitus,
819 1566 910 1601 vitas
924 1567 977 1602 X.
1002 1568 1195 1602 Oratorum
1213 1566 1499 1609 conscribillavit,
1523 1566 1602 1600 haec
1627 1569 1714 1600 sunt

256 1620 380 1657 verba.
397 1618 496 1667 [pag.
510 1620 651 1655 ccxciv.
663 1620 769 1655 Tem.
781 1619 834 1668 1.]
867 1621 913 1656 In
929 1622 1061 1668 quibus
1077 1632 1190 1667 quum
1207 1631 1333 1666 parum
1350 1623 1405 1655 est
1419 1622 1482 1654 aut
1496 1620 1598 1663 nibil,
1614 1621 1713 1665 quod

256 1675 490 1719 reprehendo,
507 1677 666 1709 attamen
684 1686 808 1720 quum,
821 1676 876 1710 sui
886 1677 990 1721 quasi
1003 1677 1202 1718 immemor,
1220 1676 1266 1709 ad
1282 1676 1391 1709 finem
1409 1675 1518 1708 libelli
1532 1675 1636 1709 istius
1650 1675 1714 1709 ad»

251 1729 356 1772 jecit,
366 1733 503 1774 Πρῶτος
513 1731 636 1774 ἔγραψε
653 1733 906 1775 στεφανωθῆναι
922 1733 1027 1765 αὐτὸν
1042 1734 1157 1776 χρυσῷ
1173 1732 1323 1774 στεφάνῳ
1333 1731 1712 1775 ἈριστόνικοςΝικοφά-

255 1798 336 1823 νους
344 1785 597 1828 Ἀναγυράσιος,
607 1786 809 1829 ὑπωμόσατο
822 1786 854 1820 δὲ
863 1787 1022 1827 Διώνδας,
1033 1786 1070 1819 in
1082 1785 1137 1827 iis,
1148 1786 1310 1830 inquam,
1321 1786 1434 1818 multa
1448 1788 1545 1827 sunt,
1553 1785 1616 1818 ubi
1627 1786 1711 1820 Plu-

254 1838 370 1872 tarchi
394 1838 629 1881 diligentiam,
645 1840 875 1881 prudentiam
891 1843 930 1874 et
946 1840 1055 1874 fidem
1071 1840 1246 1874 desidero.
1296 1840 1466 1883 Namque
1487 1850 1535 1873 ex
1551 1839 1712 1873 Decreta

252 1893 332 1937 ipso
344 1892 550 1933 Aristonici,
566 1894 667 1936 quod
683 1895 805 1927 exstat
821 1894 918 1937 apud
934 1894 1230 1936 Demosthenem,
1241 1896 1282 1927 ut
1293 1894 1381 1936 dixi,
1393 1896 1547 1935 constat,
1557 1904 1642 1927 eum
1658 1894 1714 1928 fu-

254 1949 325 1983 isse
350 1949 457 1982 domo
475 1948 713 1989 Phrearrium,
729 1958 802 1981 non
818 1948 1094 1993 Anagyrasium,
1108 1952 1148 1984 ut
1164 1948 1276 1984 voluit
1292 1949 1350 1982 ille
1368 1948 1552 1982 Plutarchi
1566 1949 1713 1983 Simius.

256 2003 402 2037 Deinde
426 2014 499 2037 non
515 2003 552 2036 id
569 2003 704 2047 primus
727 2003 811 2036 tulit
824 2003 1065 2045 Aristonicus,
1089 2005 1118 2038 si
1135 2015 1206 2048 qua
1223 2005 1268 2037 sit
1283 2003 1519 2038 Demostheni
1535 2005 1636 2046 fides,
1653 2007 1715 2038 aut

258 2059 291 2093 si
307 2057 562 2092 Demosthenis
578 2061 738 2092 mentem
754 2068 823 2102 ego
839 2057 908 2092 rite
924 2058 1125 2103 intelligere
1149 2058 1295 2104 possim.
1345 2058 1404 2092 Sic
1420 2059 1480 2092 ille
1504 2059 1530 2103 ξ.
1546 2060 1609 2094 κςἌ
1638 2065 1716 2093 Στε-

257 2115 488 2159 φανωσάντων
512 2116 628 2148 τοίνυν
652 2114 746 2158 ὑμῶν
771 2115 825 2158 ἐμὲ
847 2115 903 2148 ἐπὶ
928 2116 1059 2155 τούτοις
1081 2116 1167 2157 τότε,
1192 2117 1245 2148 καὶ
1271 2115 1465 2158 γράψαντος
1487 2115 1716 2159 Ἀριστονίκου

259 2173 322 2209 τὰς
345 2170 450 2209 αὑτὰς
473 2169 661 2211 συλλαβὰς,
677 2170 785 2213 ἅσπερ
809 2169 922 2203 οὑτοσὶ
939 2173 1118 2213 Κτησιφῶν
1133 2173 1197 2203 νῦν
1213 2169 1364 2213 γέγραφε,
1389 2171 1441 2201 καὶ
1466 2169 1716 2213 ἀναρῤηθέντος

260 2226 297 2257 ἐν
321 2227 369 2267 τῷ
392 2224 522 2267 θεάτρῳ
551 2226 610 2257 τοῦ
636 2224 811 2268 στεφάνου,
837 2228 918 2258 ΚΑΙ
944 2229 1160 2258 ΔΕΥΤΕΡΟΥ
1185 2229 1481 2258 ΚΗΡΥΓΜΑΤΟΣ
1507 2230 1597 2258 ΗΔΗ
1630 2230 1713 2259 ΜΟΙ

260 2283 418 2312 ΤΟΥΤΟΥ
443 2282 741 2321 ΓΙΓΝΟΜΕΝΟΥ,
766 2279 834 2312 οὔτ’
859 2278 1022 2313 ἀντεῖπεν
1052 2281 1216 2323 Αἰσχίνης
1241 2279 1370 2323 παρὼν,
1392 2281 1466 2320 οὔτε
1490 2283 1551 2313 τὸν
1575 2280 1716 2314 εἰπόντα

261 2333 443 2378 ἐγράψατο.
493 2332 586 2374 Quae
602 2335 726 2368 tamen
738 2333 851 2368 verba
867 2333 971 2369 aliter
986 2334 1144 2369 Wolfius
1168 2334 1352 2377 accepisse
1369 2334 1524 2369 videtur.
1572 2335 1717 2370 Postre-

261 2398 323 2421 mo
348 2387 505 2431 denique
533 2388 648 2432 liquet
674 2399 722 2422 ex
745 2387 773 2433 ξ·
791 2388 836 2426 tt.
863 2391 900 2423 et
928 2400 1030 2434 seqq.
1061 2399 1134 2423 non
1168 2389 1410 2422 intercessisse
1446 2389 1628 2424 Diondam
1658 2391 1717 2424 isti

262 2441 469 2485 Rogationi,
492 2452 602 2485 quam
626 2441 711 2476 tulit
727 2441 968 2485 Aristonicus,
983 2453 1110 2477 verum
1132 2443 1204 2482 isti,
1219 2453 1302 2487 quae
1319 2444 1416 2487 prior
1432 2443 1506 2476 lata
1523 2443 1590 2477 fuit
1605 2444 1679 2479 sive
1697 2456 1717 2478 a

259 2495 486 2535 Demomele,
498 2495 702 2529 necessario
717 2495 987 2540 Demosthenis,
1011 2498 1088 2532 sive
1113 2498 1158 2532 ab
1176 2497 1375 2541 Hyperide,
1393 2498 1466 2530 sive
1484 2498 1529 2531 ab
1546 2498 1623 2532 aliis
1639 2501 1717 2543 qui-

259 2549 431 2584 buslibet.
480 2549 689 2584 Intercessit
713 2551 810 2585 enim
836 2551 934 2593 olim,
961 2552 1269 2597 quemadmodum
1292 2552 1484 2586 AEschiues
1508 2555 1715 2598 παρανόμων

261 2604 403 2647 peregit
417 2603 510 2638 hanc
525 2604 777 2647 Rogationem,
790 2617 872 2650 quae
888 2606 926 2640 in
940 2606 1199 2640 Demosthenis
1215 2606 1365 2649 gratiam
1379 2608 1654 2651 proponebatur,
1669 2612 1717 2648 et,

263 2661 306 2691 ut
322 2658 512 2692 AEschines
530 2659 675 2703 pariter,
692 2669 802 2694 causa
819 2661 962 2704 cecidit,
976 2663 1014 2696 et
1029 2662 1191 2706 quintam
1208 2663 1345 2706 partem
1371 2662 1617 2705 suffragiorum
1643 2673 1716 2696 nou

266 2713 358 2746 tulit.

314 2766 506 2811 Reliquum
521 2771 587 2811 est,
599 2771 638 2802 ut
652 2770 697 2803 de
707 2769 899 2814 Tempore,
911 2782 983 2816 quo
996 2772 1079 2805 acta
1090 2772 1196 2806 fuerit
1218 2772 1297 2806 haec
1318 2772 1449 2813 eausa,
1461 2774 1568 2816 atque
1581 2772 1713 2806 babitae

267 2821 470 2863 Orationes,
496 2824 631 2868 aliquid
655 2824 825 2860 dicerem.
876 2827 1007 2870 quue,
1026 2830 1069 2860 ut
1085 2827 1255 2862 lectorem
1282 2838 1402 2861 meum
1420 2828 1593 2861 demereri
1610 2831 1718 2871 potu-

266 2875 385 2914 issem,
402 2874 518 2908 verbis
542 2877 725 2920 ipsissimis
742 2878 966 2914 disertissimi
991 2881 1190 2926 Scriptoris,
1213 2882 1276 2926 qui
1296 2892 1352 2915 me
1376 2881 1534 2917 oratione
1561 2886 1715 2927 superat,

267 2928 517 2971 repraesentari
535 2932 670 2966 curavi.

315 2982 499 3026 “Aliquid
514 2984 560 3020 de
584 2988 757 3031 tempore,
780 2999 853 3034 quo
878 2991 1042 3034 perorata
1066 2989 1134 3025 suit
1160 2990 1239 3026 haec
1265 2991 1404 3032 Oratio,
1429 2987 1625 3029 dicendum
1649 2994 1717 3027 est.
