1928 3284
649 207 1105 248 PROLEGOMENA.
1591 214 1613 250 7

154 315 296 359 egregie
315 314 560 359 decipiuntur:
588 312 668 346 ideo
685 314 782 347 euim
799 313 921 348 Attico
937 316 975 347 et
992 312 1095 348 Fidei
1110 313 1267 347 statuam
1287 318 1482 356 posuerunt
1501 313 1610 347 Athe-

155 371 308 411 nienses,
335 369 433 415 quod
465 378 606 402 summa
635 367 726 402 Fide
753 371 790 402 et
819 369 1021 403 constantia
1049 367 1312 412 rempublicam
1344 372 1610 410 procuratam,

153 436 305 470 eamque
321 435 358 459 re
369 414 406 458 tt
423 423 582 460 consilia.
587 422 786 465 adjuverat,
797 423 1106 468 quemadmodum
1123 422 1181 456 hle
1198 421 1491 456 Chersonesitani
1510 422 1548 454 P.
1564 421 1609 455 Α.

154 489 322 514 coronam
339 478 590 518 decrcv,eruut
606 487 778 522 aramque
797 487 862 512 irs!
881 482 918 512 et
936 487 1084 513 cunm:
1110 479 1318 522 posuerunt,
1335 477 1385 509 ὅτι
1403 478 1544 509 πάντων
1559 477 1613 519 μέ-

157 546 273 577 γιστον
286 533 429 597 ἀγαθῶν
448 534 606 576 πράττειν
623 532 727 571 αἴτιος
744 534 858 576 γέγονε
879 532 1150 577 Χερρονησίταις,
1166 533 1356 575 ἐξελόμενος
1373 533 1406 564 ἑκ
1422 534 1480 564 τοῦ
1497 532 1616 564 Φιλίπ-

158 601 235 626 που,
251 590 304 621 καὶ
319 587 469 627 α’ποιοίς
483 591 543 626 τὰς
562 588 735 631 vrarpc'eQac
753 590 829 627 τοὺς
846 589 980 631 νόμους,
994 601 1047 620 και
1062 590 1126 628 τὴν
1142 586 1344 629 ἐλευθερίαν.

202 641 261 675 De
278 641 345 676 hoc
370 652 468 676 more
485 641 629 676 Civium
660 641 1008 676 remunerandorum
1035 642 1132 676 satis.
1183 639 1428 685 Ctesiphontis
1448 639 1615 683 Rogant),

157 697 232 730 sivo
249 702 459 732 ΨΗΦΙΣΜΑ
441 694 657 738 ,occurrit,
674 696 886 740 αὺτολεεεὶξ.
899 697 947 730 λέ.
962 695 1025 730 ubi
1049 695 1269 730 “recensitis
1294 694 1453 729 breviter
1476 694 1616 727 Demo-

156 750 292 785 sthenis
306 751 340 785 in
353 751 630 796 Rempublicam
646 750 795 792 meritis,
810 751 969 785 maximo
984 754 1106 785 autem
1123 749 1362 785 liberalitate
1354 759 1390 782 m
1403 748 1614 789 (juratione,

157 817 231 851 qua
256 806 421 851 proxime
444 806 590 841 functus
615 811 681 848 est,
706 810 818 851 rogat,
837 807 985 841 Placere
1002 807 1039 842 S.
1058 806 1098 840 P.
1117 807 1162 848 Q.
1180 806 1226 841 A.
1246 803 1384 839 laudari
1401 803 1617 838 Demosthe-

156 870 242 894 nem
259 861 401 895 virtutis
422 873 507 906 ergo
532 861 881 907 benevolentiaeque‚
905 865 1016 907 atque
1041 864 1083 896 ut
1108 870 1243 895 corona
1262 870 1371 893 aurea
1387 859 1580 894 donaretur
1596 870 1617 892 a

155 915 300 960 populo,
318 919 354 950 et
376 916 481 951 istius
506 918 555 950 rei
575 917 755 951 Recitatio
773 927 835 951 seu
854 916 1097 952 Proclamatio
1113 915 1216 950 fieret
1231 913 1405 959 proximis
1424 913 1617 958 Dionysus,

154 970 192 1004 iu
206 970 380 1013 Theatro,
394 971 587 1016 Tragoedis
606 971 753 1012 Novis?
780 972 930 1006 feriante
952 982 1002 1006 se.
1022 971 1172 1016 populo,
1195 973 1232 1005 et
1254 971 1442 1014 spectante
1463 969 1618 1010 Graeeia,

156 1034 240 1068 quae
264 1024 462 1059 advenerat
478 1025 643 1060 ludorum
668 1026 794 1070 gratia.
846 1026 1026 1067 Quaedam
1045 1029 1129 1059 sunt
1147 1025 1204 1059 liic
1221 1023 1463 1069 expedienda,
1488 1025 1528 1057 ut
1544 1024 1616 1057 Le-

157 1078 388 1113 ctorinterca
415 1080 460 1113 ad
478 1080 541 1114 has
558 1080 750 1114 Orationes
777 1081 933 1126 paratior
953 1079 1115 1115 accedat.
1164 1079 1259 1113 Nam
1286 1089 1372 1113 cum
1403 1078 1556 1123 primum
1581 1079 1618 1111 in

156 1134 311 1168 Seeuam
338 1134 515 1179 producta
543 1139 637 1170 esset
663 1135 815 1178 Fabula,
842 1136 980 1170 solebat
996 1145 1111 1169 cares
1133 1132 1469 1175 Commissionibus,
1492 1135 1535 1166 ut
1561 1143 1623 1166 vo-

157 1192 255 1231 caut,
269 1190 357 1224 fieri.
408 1190 451 1223 In
471 1189 652 1234 Dionysiis
678 1201 819 1235 nempe,
836 1192 913 1226 sive
931 1190 1045 1225 Feriis
1063 1189 1306 1231 Liberalibus,
1329 1191 1372 1222 ut
1397 1187 1549 1222 aliarum
1566 1198 1621 1221 ro-

157 1255 251 1290 rum,
266 1245 317 1279 ita
335 1245 471 1288 ingenii
500 1256 645 1290 quoquc
667 1245 734 1279 fuit
760 1247 930 1290 quaedam
949 1246 1158 1280 Contentio.
1208 1244 1408 1278 Certabant
1423 1242 1472 1276 ibi
1490 1242 1621 1276 fabulis

159 1302 234 1336 suis
244 1302 366 1337 Poene
381 1312 388 1334 :
416 1305 456 1335 ut
475 1312 519 1334 ex
539 1300 758 1335 Didascaliis
775 1301 974 1344 intelligere
989 1311 1192 1344 possumus,
1213 1299 1407 1343 multisque
1424 1309 1468 1332 cx
1484 1298 1623 1332 Ncotc-

157 1356 252 1395 n’cis,
277 1356 339 1400 qui
366 1356 410 1389 ad
430 1355 566 1389 Drama
582 1356 829 1398 Antiquorum
855 1355 1132 1389 adnotaverunt.
1181 1353 1381 1397 Tragoedia
1403 1353 1510 1393 euim,
1536 1364 1619 1397 quae

157 1411 194 1444 iu
213 1409 402 1454 Religione
419 1412 538 1443 ortum
564 1412 601 1444 et
626 1409 751 1443 sedem
778 1409 944 1450 habebat,
975 1409 1080 1443 ludos
1107 1409 1189 1443 ideo
1217 1418 1340 1442 saeros
1366 1408 1619 1443 comitabatur.

161 1465 221 1500 lta
245 1465 392 1510 perinde
420 1468 526 1506 essct,
550 1464 647 1509 quod
675 1464 818 1509 scripsit
834 1464 1026 1499 AEschines
1053 1475 1089 1509 p.
1107 1466 1187 1499 369.
1215 1464 1236 1497 Ι.
1256 1465 1310 1497 10.
1335 1464 1621 1507 ἀναγορευόμενος

159 1521 197 1553 ἐν
212 1523 282 1559 τοῖς
300 1523 486 1553 ΑῘὮΣῘΝΞ
513 1522 549 1552 et
565 1518 664 1563 quod
680 1521 761 1554 378.
782 1519 849 1554 l.8.
876 1521 912 1553 ἐν
930 1523 977 1563 τῷ
992 1519 1177 1562 Θεάτρῳ-
1194 1521 1446 1551 ΤΡΑΓΩΙΔΩΝ
1466 1521 1623 1551 Arom-

160 1578 376 1607 zommmN
405 1577 597 1608 KMNQN.
647 1573 706 1608 Ita
722 1574 891 1609 AElianus
917 1574 970 1609 11.
992 1573 1041 1607 V.
1061 1573 1112 1607 H.
1135 1576 1188 1608 13.
1222 1573 1259 1606 'O
1277 1573 1307 1606 δὲ
1334 1574 1510 1616 Σωκράτης
1535 1574 1624 1606 σπά-

159 1642 234 1662 νιον
247 1632 309 1672 μέν
324 1630 480 1672 ἐπεφοίτα
498 1632 567 1668 τοῖς
584 1630 745 1674 θεάτροις,
760 1630 870 1664 εἴποτε
889 1630 920 1663 δὲ
940 1629 1123 1673 Εὐριπίδης
1146 1630 1163 1661 ὁ
1181 1632 1242 1669 τῆς
1266 1627 1451 1671 τραγῳδίας
1479 1631 1623 1668 ποιητὴς

162 1688 409 1718 ΗῙὮΝῙΖΕΤΟ
437 1687 627 1718 ΚΔΙΝΟΙΣ
654 1689 933 1726 ΤΡΑΓΩῘΔΟΙΣ,
963 1687 1036 1718 τότε
1065 1697 1100 1728 γε
1131 1685 1312 1727 ἀφικνεῖτο.
1375 1680 1474 1715 Hinc
1502 1682 1624 1717 lucem

162 1738 398 1773 foenerabitur
416 1738 542 1771 Oratio
567 1738 691 1772 multis
716 1739 751 1771 iu
769 1738 868 1779 locis,
886 1739 961 1771 scil.
980 1739 1042 1771 ubi
1067 1740 1172 1780 νόμον
1189 1739 1410 1771 Διονυσιακὸν
1434 1739 1623 1777 memorat,

157 1803 243 1827 cum
282 1796 347 1834 τὴν
386 1797 444 1826 τοῦ
471 1794 634 1826 Διονύσου
667 1794 872 1836 ὀρχὴστραν,
902 1802 986 1825 cum
1014 1795 1091 1831 τοὺς
1117 1794 1231 1835 κριτὰς
1263 1793 1341 1830 τοὺς
1368 1793 1401 1823 ἐκ
1428 1793 1623 1831 Διονυσίων,

161 1851 200 1882 ot
227 1858 314 1882 eum
350 1847 561 1893 perstringit
586 1846 844 1881 Demosthenis
875 1847 1128 1890 arrogantiam,
1157 1847 1256 1890 quod
1284 1845 1408 1890 populi
1431 1846 1560 1889 plausu
1585 1845 1624 1879 iu

162 1903 360 1944 Concioue,
374 1903 436 1947 qui
452 1903 554 1936 locus
571 1905 650 1936 erat
665 1902 850 1946 legitimus
863 1900 1102 1935 Recitationis
1125 1899 1317 1940 habendae,
1331 1910 1402 1933 uon
1418 1902 1624 1941 contentus,

162 1958 334 1992 honorem
353 1958 449 1992 hunc
470 1957 537 1991 sibi
560 1956 731 2001 impertiri
748 1957 874 1999 voluit,
890 1957 962 1990 οὐδὲ
989 1958 1276 1997 ἐκκλησιαζόντων
1301 1955 1504 1997 Ἀθηναίων,
1532 1954 1623 1987 α’λλιὶ

161 2013 344 2057 τραγῳδῶν
357 2012 615 2056 ἀγωνιζομένων
631 2016 767 2054 καινῶν,
785 2012 851 2045 οὐδ’
867 2013 1023 2045 ἐναντίον
1048 2015 1105 2044 τοῦ
1129 2011 1246 2054 δῆμον,
1272 2009 1351 2042 ἀλλ’
1376 2010 1532 2042 ἐναντίον
1556 2013 1624 2042 τῶν

158 2067 350 2108 'minuam
364 2067 409 2100 ἵν’
427 2068 508 2111 ἡμῖν
525 2067 730 2108 συνειδῶσιν,
747 2064 820 2100 οἷον
837 2066 942 2110 ἄνδρα
957 2070 1112 2110 τιμῶμεν.
1150 2064 1180 2098 l.
1200 2062 1400 2104 Meursius,
1415 2062 1482 2097 Vir
1495 2063 1625 2098 Graeco

161 2121 408 2163 doctissimus,
441 2131 526 2156 cum
559 2121 662 2166 plura
690 2113 970 2156 Atheniensium
1001 2122 1238 2155 monumenta
1274 2118 1427 2152 feliciter
1465 2117 1624 2152 illustra-

159 2176 223 2219 vit,
240 2175 417 2218 dolemus,
438 2176 535 2222 quod
564 2177 643 2221 ejus
667 2176 959 2211 Commentarius
987 2176 1033 2210 de
1060 2174 1244 2219 Dionysiis
1268 2177 1333 2207 aut
1355 2183 1427 2208 non
1450 2175 1546 2207 essct
1576 2175 1621 2207 ad

161 2230 272 2264 finem
287 2231 498 2276 perductus,
514 2233 578 2266 aut
595 2233 689 2265 esset
712 2230 846 2265 infelici
871 2231 1029 2275 quodam
1048 2241 1137 2266 casu
1153 2230 1388 2273 interceptus.
1438 2228 1561 2263 Multa
1578 2229 1624 2264 de

161 2284 311 2330 antiquo
327 2284 514 2324 Dramate,
530 2287 566 2317 nt
584 2286 629 2319 de
646 2285 713 2318 hac
733 2285 822 2318 sorte
845 2286 1108 2320 consuetudine
1134 2285 1171 2318 in
1196 2296 1240 2318 eo
1267 2282 1524 2327 expedivissct.
1571 2284 1623 2318 At

160 2340 197 2373 in
214 2349 258 2373 ea
272 2348 311 2373 re
327 2348 473 2382 operam
489 2347 591 2372 suam
609 2340 646 2371 et
662 2339 877 2371 industriam
896 2340 1098 2380 posuerunt
1112 2338 1204 2371 bene
1221 2339 1337 2371 multi.
1365 2338 1503 2371 Eorum
1517 2349 1625 2382 quos·

164 2392 250 2427 dam
268 2391 436 2426 recensui
456 2391 503 2423 ad
519 2390 725 2424 Midianam
738 2389 996 2424 Demosthenis
1011 2391 1096 2425 Not.
1110 2391 1156 2424 ad
1174 2391 1261 2434 Arg.
1275 2393 1367 2435 post.

208 2447 354 2483 Interea
370 2446 416 2481 ad
433 2445 530 2480 hunc
547 2455 683 2479 morem
699 2444 736 2478 in
753 2444 937 2488 Dionysiis
960 2445 1180 2480 celebratum
1207 2445 1357 2486 adludit,
1375 2447 1412 2479 et
1437 2445 1482 2479 ad
1500 2446 1625 2490 imagi-

162 2512 246 2537 nem
278 2511 373 2537 vcrae
404 2499 616 2545 Rogationis
644 2498 802 2544 lepidam
835 2502 873 2533 et
905 2499 1109 2542 jocularem
1131 2499 1356 2535 adumbravit
1383 2499 1623 2536 facetissimus

163 2557 332 2605 Seriptor,
349 2556 547 2599 Lucianus,
564 2554 781 2594 in'l'imone,
801 2564 910 2598 quam
930 2553 986 2588 hic
1003 2559 1233 2600 rcpraescnto.

593 2648 724 2674 ΕΠΕΙΔΗ
747 2648 868 2673 ’ΠΜΩΝ
892 2649 914 2672 O
940 2647 1196 2674 ΕΧΕΚΡΑΤΙΔΟὙ·

537 2699 759 2725 ΚΟΛΥΤΤΕὙΣ
786 2700 877 2724 ΑΝΗΡ
900 2699 950 2725 ΟΥ
975 2699 1098 2724 ΜΟΝΟΝ
1123 2699 1245 2724 xmo:

542 2751 721 2776 xArrM-›oz
749 2753 849 2776 ΛΛΛΑ
875 2751 933 2776 xm
960 2751 1076 2776 ΣΟΦΟΣ
1101 2752 1149 2775 ΩΣ
1174 2750 1247 2775 ΟΥΚ

538 2802 660 2828 ΛΛΛΟΣ
687 2803 727 2827 ΕΝ
751 2803 811 2827 ΤΗΙ
838 2802 975 2828 ΕΛΛΛΔΙ
1000 2803 1097 2827 ΠΛΡΑ
1122 2802 1245 2826 ΠΛΝΤΑ

506 2852 647 2879 ΧΡΟΝΟΝ
672 2854 843 2879 mart-:Ati
871 2854 920 2878 ΤΛ
946 2853 1076 2878 amru
1100 2853 1276 2878 ΠΡΛΤΤΩΝ

587 2905 647 2929 ΤΗΙ
675 2905 783 2930 ΠΟΛΕΙ
809 2905 980 2930 uenantum
1005 2905 1051 2930 ΔΕ
1076 2903 1150 2928 ΠΥΞ
1176 2904 1233 2926 ΚΛΙ

562 2956 687 2981 ΠΛΛΗΝ
711 2956 770 2980 ΚΑΙ
798 2956 946 2981 Ammon
970 2957 1010 2980 ΕΝ
1035 2954 1217 2979 ottramni!

505 3008 590 3032 ΜΙΛΣ
618 3008 761 3034 nsum:
786 3008 846 3033 ΚΑΙ
871 3007 1018 3033 ΤΕΛΕΙΩΙ
1045 3006 1142 3031 ΛΡΜΛ
1154 3005 1182 3028 l'l
1207 3005 1264 3030 ΚΑΙ
