1928 3284
238 205 349 254 388
681 214 840 258 FRID.
870 215 1009 257 AUG.
1043 214 1261 257 WOLFII

242 321 360 360 clesia
374 319 496 359 fiebat
509 332 579 371 per
598 320 765 360 scribam
778 320 1008 372 publicatus}
1065 323 1155 367 Quo
1171 322 1290 368 facto,
1310 334 1358 359 an
1374 321 1478 372 prius
1490 321 1697 370 (incertum

243 383 361 432 enim)
381 383 724 422 Senatusconsulto
744 389 828 421 exat
855 396 967 432 opus,
995 383 1026 420 si
1047 384 1134 433 quis
1160 384 1355 422 actionem
1374 383 1411 420 in
1431 382 1559 420 forum
1580 382 1710 429 dedu-2

245 457 332 482 cere
353 444 481 489 vellet,
504 450 542 483 et
562 444 756 495 Populum
776 457 926 495 rogare.
982 444 1086 494 Nam
1110 445 1205 482 nihil
1225 459 1273 482 ex
1293 444 1490 481 veteribus
1516 443 1700 481 institutis

245 507 431 557 Reipubl.
462 507 511 545 ad
532 507 722 557 Populum
742 505 832 542 ferri
860 505 899 543 in
920 506 1083 544 ecclesia
1103 506 1210 544 licuit
1230 505 1543 558 ἀπροβούλευτον,
1570 505 1609 543 id
1629 510 1709 553 est,-

247 567 297 605 de
318 581 397 618 quo
416 581 492 606 non
521 575 633 606 antea
654 568 693 604 S.
722 567 766 605 C.
789 567 934 604 factum
954 573 1085 606 esset.e
1140 569 1224 606 Jam
1258 573 1415 617 rogator
1441 567 1564 617 legem
1594 578 1700 603 suam

248 630 421 668 oratione
452 642 523 680 pro
549 635 731 679 suggestu
763 627 898 666 habita
929 628 1134 674 suadebat,
1167 642 1213 666 ac
1240 629 1270 666 si
1304 641 1380 678 qua
1408 628 1519 665 simul
1552 631 1709 677 vetusta-

247 690 414 729 delenda
434 695 548 735 esset,
570 690 668 727 hanc
690 689 855 739 primum
884 694 927 726 ut
946 689 1084 727 vitiose
1104 689 1236 734 latam,
1256 695 1324 726 aut
1343 688 1545 738 ceteroqui
1565 688 1702 726 malam

247 751 400 801 Reique
420 750 587 800 publicoe
601 749 885 787 incommodam
902 750 1140 788 monstrabat
1156 749 1274 798 abjici
1290 749 1444 795 debere,
1460 762 1548 786 mox
1563 761 1704 786 novam

248 818 386 850 contra
404 811 587 861 ponebat,
610 810 714 848 omni
730 823 803 860 ope
824 811 1086 860 praestantiam
1108 811 1193 860 ejus
1214 809 1355 848 docere
1374 808 1561 847 annisus.s
1600 809 1714 857 Dein?

249 873 471 923 suffragium
492 872 674 917 inibatur,
695 876 918 923 χειροτονία.
956 874 1012 909 At
1030 884 1121 910 vero
1142 871 1227 921 haze
1243 871 1357 916 ratio,
1379 871 1417 907 in
1433 869 1712 921 psephismatis-

249 934 439 973 faciendis
460 933 640 980 solennis,
661 934 774 983 plane
795 934 1012 971 exoleverat
1033 938 1210 983 tempore
1231 933 1440 970 oratorum
1472 933 1511 968 in
1540 930 1705 980 legibus.

250 996 313 1034 Ad
325 995 482 1046 judices
498 1001 581 1034 tum
600 1000 738 1033 vocata
758 1008 816 1033 res
834 1000 905 1040 est,
922 994 1001 1032 sive
1018 994 1105 1044 quis
1121 999 1290 1032 veterem
1311 993 1436 1042 legem
1457 1005 1524 1030 seu
1548 992 1708 1029 latorem

250 1057 474 1103 accusabat,
487 1057 566 1095 sive
582 1068 681 1094 nova
693 1062 775 1093 erat
783 1055 995 1105 jubenda.g
1028 1054 1168 1105 Neque
1182 1054 1285 1092 enim
1302 1067 1378 1092 uno
1390 1053 1542 1103 judicio
1558 1058 1706 1090 utrum-

253 1131 329 1170 que
349 1118 501 1156 videtur
520 1117 665 1155 factum
682 1130 779 1155 esse.
835 1116 1007 1154 Jubendi
1028 1121 1156 1154 autem
1177 1122 1216 1153 et
1235 1114 1465 1165 antiquandi
1495 1113 1707 1152 auctoritas

253 1181 421 1220 dabatur
438 1180 699 1226 Nomothetis‚
720 1180 773 1216 ita
792 1178 964 1228 quidem,
986 1184 1040 1224 ut,
1072 1176 1263 1228 quidquid
1291 1177 1343 1214 illi
1372 1177 1616 1226 probassent,
1640 1174 1708 1224 jus

254 1249 462 1293 ratumque
491 1248 605 1287 esset,
627 1240 820 1290 quidquid
839 1240 1125 1290 repudiassent,
1148 1239 1256 1276 nulla
1272 1239 1430 1276 daretur
1447 1237 1496 1276 ad
1518 1237 1711 1287 Populum

256 1303 498 1357 provocatio.
545 1304 658 1341 Sorte
679 1302 925 1340 ducebantur
940 1301 979 1338 hi
993 1300 1152 1350 judices
1169 1313 1216 1338 ex
1238 1300 1398 1346 Heliaea,
1412 1304 1456 1338 ut
1474 1309 1631 1349 operam
1646 1297 1713 1347 ju-

258 1368 332 1406 rati
347 1369 545 1412 navarent,
567 1364 634 1402 sed
648 1368 838 1414 potestate
861 1362 1175 1407 extraordinaria,
1193 1361 1341 1412 quippe
1357 1374 1430 1399 nec
1444 1360 1544 1398 ultra
1559 1359 1600 1397 id
1619 1365 1715 1397 tem-

258 1427 363 1479 poris
380 1427 544 1473 valente,
559 1425 608 1463 ad
630 1424 736 1476 quod
759 1424 879 1462 creati
894 1429 1037 1469 essent,
1059 1436 1131 1461 nec
1147 1422 1220 1460 nisi
1237 1422 1284 1459 ad
1307 1435 1370 1460 eas
1390 1422 1507 1472 leges,
1526 1433 1622 1471 quas
1638 1421 1714 1458 Po-

259 1490 374 1541 pulus
394 1488 449 1526 eis
469 1485 770 1537 designassent.'¹
827 1484 1018 1530 Quoniam
1040 1497 1130 1522 vero
1156 1484 1333 1520 instituta
1358 1488 1486 1521 vetera
1506 1482 1545 1520 in
1567 1483 1718 1532 univer<

261 1564 346 1589 sum
374 1550 473 1588 bene
503 1548 643 1585 habere
673 1546 923 1597 putabantur,
953 1548 1042 1594 (nec
1072 1543 1263 1582 immerito
1291 1543 1329 1581 in
1361 1543 1430 1581 tali
1462 1543 1645 1588 Civitate,
1676 1542 1716 1580 in

264 1626 343 1663 qua
371 1624 474 1661 saepe
500 1623 560 1647 res
582 1621 690 1646 novae
711 1607 884 1645 fraudem
912 1606 1076 1657 tegunt‚)
1099 1606 1174 1657 legi
1195 1605 1348 1655 cuique,
1373 1605 1411 1642 in
1435 1603 1628 1653 judicium
1650 1604 1717 1642 ad-

264 1674 408 1719 ductae,
440 1671 613 1721 quinque
633 1669 702 1706 viri
728 1668 883 1718 publice
914 1667 1067 1717 patroni
1090 1667 1298 1712 dabantur,
1319 1679 1417 1716 quos
1445 1665 1500 1702 illi
1530 1665 1719 1716 Syndicos

264 1734 537 1787 appellabant.1
591 1730 623 1768 li
645 1730 755 1780 quasi
781 1729 1021 1766 dissuasores
1042 1727 1200 1778 quidam
1222 1732 1332 1764 erant
1352 1725 1447 1776 legis
1467 1738 1590 1773 novae,
1611 1738 1721 1763 orna-

269 1832 304 1861 F.
329 1831 367 1861 A.
385 1830 422 1860 T.
445 1829 472 1858 I.
486 1839 516 1868 p.
535 1830 608 1857 121.
655 1827 786 1865 Propter
802 1824 918 1863 reliqua
929 1824 976 1853 hae
1011 1822 1103 1853 etiam
1119 1823 1148 1852 in
1173 1822 1299 1861 Olynth.
1317 1823 1354 1851 B.
1371 1822 1397 1862 ς.
1415 1820 1437 1851 ἑ.
1482 1821 1597 1851 Eorum
1614 1830 1720 1850 nume-

267 1874 408 1904 notandae
425 1878 493 1902 sunt
509 1870 696 1900 locutiones:
722 1868 800 1908 νόμον
814 1868 979 1907 ἀναγράφειν
1012 1877 1077 1895 rum
1102 1866 1278 1895 constitisse
1301 1866 1385 1900 clol,
1401 1874 1493 1904 supra
1509 1863 1588 1900 dixi,
1601 1863 1720 1893 scilicet

271 1917 310 1950 εἷς
325 1916 473 1955 λεύκωμα,
500 1914 536 1947 εἷς
553 1911 660 1945 σανίδα·
677 1911 877 1951 ωαξαγξάφειν
902 1910 981 1949 νόμον

273 1958 359 1999 νόμῳ·
377 1957 492 1989 ἐκθεῖναι
518 1956 639 1996 πρόσθεν
654 1958 708 1984 τῶν
721 1953 900 1992 Ἐπωνύμων,
917 1952 983 1992 πςός

272 2004 338 2036 τοὺς
370 1999 556 2040 Ἐπωνύμους·
603 1997 769 2038 παραδοῦναι
800 1997 844 2036 τῷ
885 2007 981 2036 γραμ-

278 2045 382 2086 ματεῖ.

318 2088 334 2108 ‘¹
352 2086 513 2117 Demoslh.
528 2085 549 2114 l.
561 2095 587 2114 c.
600 2082 659 2113 Ἵνα
675 2081 796 2115 ἕκαστος
811 2082 888 2121 ὑμῶν
902 2079 983 2109 ἀκού-

279 2142 335 2164 σας
362 2129 552 2161 πολλάκις
573 2138 644 2156 aar.
660 2132 690 2155 λ.
735 2126 794 2155 Sed
822 2124 855 2153 id
876 2124 919 2153 ita
934 2134 983 2152 ac-

278 2173 399 2212 cepisse
423 2172 545 2201 videtur
561 2168 722 2208 Ulpianus,
739 2172 773 2197 ut
795 2167 893 2206 prima
906 2165 984 2195 reci-

277 2215 353 2246 tatio
391 2218 459 2243 ante
501 2211 774 2251 promulgationem
817 2209 897 2237 facta
935 2208 985 2236 sit.

281 2256 413 2297 Scripsit
426 2255 505 2285 enim
524 2255 581 2283 hoc
605 2255 711 2283 modo:
743 2252 797 2282 Δεῖ
813 2261 987 2291 προαναγνω-

277 2300 373 2331 σθῆναι
387 2299 429 2338 τῷ
440 2298 540 2337 Δῆμῳ,
557 2295 697 2326 ’ἔπειτα
715 2292 987 2335 πςοτεὲἧναι,εῖτα

280 2343 379 2378 λαβεῖν
394 2341 438 2372 τὸν
452 2339 647 2381 γραμματέα.

326 2392 339 2407 e
350 2386 398 2416 An
415 2393 534 2422 semper
550 2383 607 2411 hoc
620 2386 774 2411 servatum
791 2380 830 2409 sit
843 2379 873 2409 in
886 2379 988 2418 legum

279 2429 406 2464 latione,
421 2427 569 2456 incertum
592 2431 638 2454 est
655 2424 753 2453 nobis.
798 2422 884 2452 Nihil
898 2423 936 2451 de
952 2431 989 2451 eo

282 2473 314 2503 iu
346 2472 432 2501 Orat.
469 2470 594 2499 Nostra.
640 2467 735 2496 Posui
763 2466 793 2494 id
821 2471 918 2494 tamen
950 2475 989 2493 ex

282 2516 448 2545 Timocrat.
465 2522 497 2550 p.
521 2512 595 2541 715.
614 2520 659 2548 sq.
683 2510 731 2538 ed.
751 2509 790 2537 R.
817 2508 887 2546 quia
909 2508 989 2536 haud

284 2557 379 2588 dubie
390 2557 426 2586 ad
442 2554 612 2593 legitimum
629 2551 766 2581 ordinem
784 2550 941 2589 pertinuit.

327 2599 422 2629 sHoc
450 2597 643 2626 fundamento
665 2593 770 2623 nititur
792 2593 913 2632 partitio
936 2593 989 2621 liu-

282 2646 334 2683 jus
357 2639 513 2671 Orationis
547 2643 668 2667 nostran.
713 2636 816 2665 Prima
841 2635 872 2664 in
902 2640 989 2672 parte

284 2688 336 2716 lex
357 2683 493 2724 Leptinis
511 2682 714 2720 impugnatur,
738 2678 843 2717 inquo
870 2682 916 2706 est
940 2687 990 2706 ca-

285 2733 341 2769 put
358 2735 492 2761 caussae3
515 2725 543 2753 in
570 2724 666 2752 altera
686 2726 773 2760 parte
797 2719 989 2750 adversarius

286 2781 372 2802 suam
389 2767 528 2809 opponit,
544 2767 615 2796 inde
632 2776 648 2794 a
665 2764 689 2804 ξ.
707 2763 741 2793 κ’.

328 2811 552 2851 gQuinctilian.
574 2810 601 2838 1.
619 2809 656 2837 Ο.
683 2808 727 2837 ll.
755 2808 785 2835 4.
802 2806 853 2835 33.
900 2803 989 2842 Apud

287 2857 402 2888 Grecos
428 2855 504 2884 lator·
528 2853 625 2892 legum
651 2851 688 2879 ml
709 2850 843 2888 judicem
869 2848 988 2877 vocabu—

284 2908 354 2930 νυν-ε
399 2897 533 2927 Πιηειιιηίε
561 2903 612 2931 pro
644 2894 777 2923 concione
807 2890 927 2920 suadere
954 2900 988 2919 uc

282 2942 450 2971 dissuadere
466 2939 550 2968 muris
570 2936 640 2972 fuit.

320 2984 334 3006 ¹¹
354 2983 499 3023 lmquitur
530 2981 566 3010 (le
590 2980 634 3009 liis
654 2975 847 3008 Nnnxotheiis
874 2977 985 3004 Orator

1014 1919 1074 1939 uno
1097 1919 1189 1948 super
1205 1909 1262 1938 clo
1289 1909 1424 1947 adjecto,
1449 1917 1487 1937 ne
1511 1917 1641 1946 unquam
1665 1916 1717 1944 pa-

1016 1962 1064 1981 res
1096 1955 1199 1981 essent
1232 1951 1345 1980 calculi
1376 1950 1602 1989 suffragiorum.
1647 1948 1721 1978 vid.

1017 1995 1112 2024 Petit.
1127 2005 1156 2033 p.
1184 1996 1256 2023 177.
1301 1994 1350 2024 An
1365 1998 1464 2023 tamen
1486 1992 1721 2030 omnitempore

1017 2041 1062 2067 tot
1075 2047 1201 2066 numero
1214 2037 1298 2066 ducti
1319 2036 1391 2071 sint,
1410 2036 1530 2069 dubito,
1549 2045 1605 2064 nec
1618 2035 1650 2064 id
1675 2034 1721 2063 vi-

1017 2081 1076 2109 deo
1108 2079 1184 2109 essici
1211 2080 1266 2108 illo
1294 2079 1504 2118 psephismate
1529 2077 1722 2107 Timocrates>

1019 2134 1049 2161 p.
1075 2125 1149 2152 708.
1177 2122 1226 2151 ed.
1260 2123 1309 2156 R„
1335 2131 1395 2159 quo
1426 2131 1484 2150 uno
1512 2120 1562 2149 hic
1586 2119 1720 2148 nitimur.

1019 2166 1097 2194 Nam
1125 2168 1243 2193 constat
1270 2164 1404 2198 omnino,
1422 2163 1545 2201 judices
1560 2172 1617 2201 pro
1635 2171 1723 2191 caus·

1021 2217 1120 2236 sarum
1147 2206 1355 2245 magnitudine
1385 2217 1423 2235 ex
1452 2204 1571 2235 Heliaea
1585 2205 1723 2234 delectos

1021 2260 1088 2279 esse
1106 2250 1195 2279 modo
1212 2250 1327 2288 plures,
1342 2249 1433 2277 modo
1447 2248 1619 2286 pauciores.
1665 2247 1725 2276 Or·
1762 2272 1766 2275 .

1020 2292 1155 2321 dinarius
1172 2302 1314 2321 numerus
1329 2292 1385 2321 suit
1400 2291 1543 2320 CCCCC.
1589 2289 1649 2320 Sed
1667 2289 1725 2318 du-

1023 2335 1167 2375 plicatum
1182 2335 1339 2367 habemus,
1363 2344 1422 2363 uno
1445 2334 1516 2363 item
1544 2332 1677 2371 adjecto,
1693 2332 1725 2361 in

1023 2388 1142 2412 caussa,
1154 2388 1220 2418 quaf„=
1237 2387 1295 2406 nou
1313 2377 1350 2407 ad
1368 2377 1451 2416 leges
1464 2377 1605 2415 pertinet,
1617 2376 1647 2404 in
1659 2375 1726 2416 ead.

1024 2422 1110 2451 Orat.
1128 2431 1159 2459 p.
1184 2423 1257 2450 7021.
1283 2420 1336 2449 ubi
1364 2430 1393 2448 v.
1416 2419 1518 2448 Scliol.
1568 2420 1604 2447 Ei
1627 2417 1726 2456 tripli-

1024 2468 1124 2493 catum
1139 2464 1168 2492 in
1188 2462 1340 2492 Dinarcho
1357 2463 1427 2491 adv.
1450 2460 1608 2491 Demosth.
1624 2471 1655 2499 p.
1672 2462 1725 2489 72.

1024 2506 1111 2536 Conf.
1127 2506 1278 2543 Harpocr.
1293 2502 1451 2539 ν.“Ηλιαία,
1464 2509 1495 2533 et
1506 2503 1618 2532 Pollux
1634 2503 1725 2531 VIII.

1025 2552 1097 2579 1123.
1116 2555 1147 2578 et
1164 2551 1237 2577 101.
1281 2548 1350 2584 Quo
1371 2546 1535 2585 posteriori
1560 2546 1629 2574 loco
1654 2544 1728 2573 sini-

1024 2592 1146 2631 pliciter
1171 2590 1315 2620 traditur:
1345 2587 1501 2628 Νομοθὲται
1527 2586 1598 2617 ’ἦσαν
1625 2584 1727 2628 χίλιοι.

1024 2636 1065 2664 At
1095 2634 1121 2663 is
1149 2638 1231 2662 totus
1259 2633 1345 2661 locus
1369 2642 1427 2660 non
1454 2636 1501 2660 est
1517 2629 1678 2668 ejusmodi,
1695 2633 1729 2659 ut

1026 2686 1096 2707 vcra
1111 2682 1141 2706 ct
1157 2681 1240 2705 certa
1255 2675 1323 2704 inde
1339 2673 1404 2712 peti
1417 2673 1542 2711 possint.
1717 2695 1719 2697 .

1066 2718 1173 2748 iBene
1204 2718 1327 2756 Ulpian.
1355 2717 1390 2745 ad
1416 2716 1578 2744 Timocrat.
1603 2724 1635 2752 p.
1652 2715 1726 2743 707.

1024 2762 1060 2790 ad
1090 2772 1140 2789 vv.
1165 2761 1202 2793 εἰς
1228 2760 1372 2798 λεύκωμα.
1418 2758 1503 2791 Εἷκός,
1533 2756 1575 2786 Hm
1603 2755 1728 2791 Εελτίους

1021 2802 1091 2833 ’ἦσαν
1115 2804 1135 2832 οἱ
1161 2802 1283 2842 agi-regor
1307 2802 1380 2839 νόμοι
1401 2802 1449 2829 τοῦ
1470 2799 1655 2838 εἷςαγομὲνου,
1680 2799 1728 2827 καὶ

1022 2844 1118 2886 χηῑνεὶᾳ
1135 2847 1187 2873 τῶν
1206 2844 1338 2882 λεγόντων
1371 2842 1437 2882 ὑπὲρ
1457 2844 1547 2872 αὐτῶν
1575 2839 1729 2882 ἐνομίζοντο

1022 2890 1087 2918 εἶναι
1106 2890 1215 2926 ψαίλοι.
1249 2888 1394 2924 idemque
1408 2887 1611 2924 paulopost:
1640 2883 1726 2912 Πέντε

1022 2932 1117 2970 [ἑνὸς-ας
1133 2942 1175 2958 κα
1188 2929 1216 2958 τ’
1237 2929 1395 2958 ἕκαστον
1420 2928 1519 2967 νόμον
1540 2925 1730 2969 ἔχεις-στόνων.

1023 2976 1081 3005 »Sed
1101 2974 1166 3009 hoe,
1186 2973 1264 3010 qnod
1284 2974 1320 3001 de
1338 2982 1463 3001 numero
1489 2971 1620 3001 virorum
1640 2969 1728 3003 dicit,
