1928 3284
620 198 711 237 on.
741 196 819 235 DE
850 194 1031 234 FALSA
1063 193 1266 232 LEGAT.
1572 181 1676 238 195

208 308 281 341 sius
297 317 360 352 pro
386 310 448 346 τῆς
463 304 684 344 ’Λποδόσεως,
711 315 729 335 r
743 306 761 342 ἦ
774 315 791 340 ς
816 302 836 334 ἀ
848 312 874 333 π
887 302 935 333 ολ
948 313 965 332 ο
977 314 996 343 γ
1010 300 1019 331 ι’
1031 311 1095 337 ας,
1120 295 1318 334 substituit,
1344 295 1380 327 iu
1409 297 1511 328 textu
1531 294 1674 340 Harpo-

206 362 377 396 erationis
406 371 477 405 qno
494 358 601 392 modo
617 368 660 391 ea
681 356 819 397 Oratio,
839 355 952 399 juxta
968 354 1126 387 cundem
1144 350 1263 386 virum
1279 348 1579 389 eruditissimum,
1597 351 1672 384 lau-

206 417 313 450 datur
328 388 461 450 aliffiubi
489 413 534 447 ab
559 413 628 446 isto
646 412 821 452 Auctore,
838 413 875 443 et
901 420 922 442 a
940 408 1235 442 Counmentatore
1264 404 1518 448 Hermogenis.
1569 406 1673 439 Atta-

207 481 302 512 men,
318 470 367 504 mi
382 469 501 510 homo,
518 467 554 501 id
572 477 760 511 nunquam
775 479 784 506 ;
801 465 868 499 hoc
886 463 1080 509 praestabO.

252 526 392 560 Habita
415 528 470 558 est
487 523 566 557 haec
591 523 712 556 Causa
729 521 875 566 Olymp.
895 519 1002 555 CIX.
1018 522 1052 553 2.
1069 517 1172 563 (vid.
1192 517 1342 561 Dionys.
1363 517 1484 552 Halie.
1511 517 1556 551 ad
1583 518 1675 552 Ain-

207 580 397 624 maeun1,§.
419 582 471 612 10.
498 578 653 613 Mcursii
678 577 860 616 Solonem,
888 585 968 619 cap.
997 576 1149 608 extrem.
1177 572 1316 606 Scliott.
1343 572 1379 605 in
1398 572 1462 605 vit.
1483 571 1673 606 Demostl».

205 634 252 668 ad
281 644 364 668 eum
398 633 551 677 annum)
579 631 732 666 triennio
764 633 848 675 post
875 629 1093 672 legationem
1126 627 1274 661 obitam.
1323 626 1565 670 Interjecturn
1595 637 1673 660 esse

205 688 392 733 quoddam
415 687 589 731 temporis
612 686 839 720 intervallum
866 684 959 718 inter
974 683 1121 717 Crimen
1145 685 1182 716 ct
1197 681 1477 716 contentionem
1503 691 1576 714 non
1600 692 1674 714 uno

206 742 244 777 iu
261 744 340 778 loco
357 744 577 777 lamentatur
591 740 869 775 Demosthenes.
921 740 1055 782 Χρόνον
1079 739 1284 782 γεγενῆσθαι
1300 739 1383 780 μετὰ
1407 739 1473 777 τὴν
1491 737 1676 780 πρεσβείαν

207 800 331 838 πολὺν,
343 799 370 842 §.
390 798 431 842 γ’.
449 798 570 831 statim
587 807 716 830 exorsa
734 795 919 830 Oratione.
969 794 1020 828 Et
1033 791 1310 831 similiterinsm,
1327 793 1354 833 §.
1373 792 1435 835 oy'.
1463 791 1512 826 Et
1524 791 1673 835 quidem

204 853 420 886 Triennium
445 851 567 893 fuisse,
583 851 637 884 uti
661 850 769 884 modo
791 849 964 890 diximus,
992 850 1145 882 testatur
1169 847 1279 880 etiam
1298 845 1478 890 Ulpianus
1501 846 1536 880 in
1557 846 1675 890 Argu-

206 912 341 941 mento.

253 962 379 996 Oratio
403 961 526 995 habita
549 970 622 994 non
640 961 788 1004 Olymp.
809 959 916 994 CIX.
931 961 964 994 2.
992 959 1056 993 sed
1081 957 1229 993 CVIII.
1248 961 1282 992 4.
1309 956 1488 1002 siquidem
1511 956 1677 991 Phocen-

206 1018 299 1052 sium
319 1018 452 1052 Clades
475 1018 512 1051 in
529 1027 664 1050 annum
686 1019 716 1050 1.
738 1016 884 1060 Olymp.
903 1015 1052 1049 CV111.
1080 1015 1266 1054 inciderat,
1283 1016 1392 1058 atque
1411 1012 1676 1047 Demosthenes

206 1073 408 1107 observavit
431 1072 592 1106 Theoros
620 1071 665 1105 ab
690 1071 981 1106 Atheniensibus
1009 1070 1238 1104 miseratione
1267 1069 1444 1113 perculsis
1468 1069 1514 1102 ad
1545 1067 1677 1112 Pythia

205 1128 334 1162 missos
349 1138 422 1162 non
435 1127 558 1167 fuisse,
576 1126 742 1171 adeoque
759 1127 983 1160 demonstrat
1007 1125 1218 1160 Orationem
1243 1124 1508 1168 «Iudiciumque
1525 1124 1570 1156 ‹le
1587 1123 1676 1157 salsa

207 1182 410 1226 Legatione
427 1183 574 1217 ineunte
592 1182 719 1215 saltem
737 1192 832 1216 anno
848 1184 882 1215 4.
902 1181 982 1224 ejus
998 1180 1146 1224 Olyuip.
1168 1179 1373 1213 institutum
1390 1178 1513 1213 fuisse.
1533 1178 1675 1212 Corsin.

203 1236 311 1271 Tom.
327 1237 402 1271 111.
422 1237 462 1271 F.
481 1238 527 1271 A.
545 1247 628 1281 pag.
648 1239 724 1270 101.
776 1235 854 1270 But
871 1235 940 1269 this
955 1235 984 1268 is
999 1246 1044 1268 no
1056 1240 1253 1280 argument.

252 1290 346 1325 Cum
364 1291 452 1333 dixi,
475 1290 625 1325 habitam
641 1301 719 1324 esse
745 1289 839 1323 hane
865 1289 1090 1330 Orationem,
1107 1300 1178 1323 non
1197 1299 1283 1322 sane
1301 1290 1448 1328 nescivi,
1466 1292 1529 1322 aut
1543 1288 1679 1322 oblitus

207 1356 301 1388 sum,
322 1344 432 1380 fuisse
450 1345 548 1391 apud
569 1347 760 1390 Antiquos,
777 1345 841 1389 qui
857 1345 893 1378 id
912 1348 976 1378 aut
999 1347 1186 1387 negarent,
1207 1349 1271 1377 aut
1288 1344 1548 1378 addubitarent
1563 1349 1674 1378 certe.

205 1402 242 1434 ὀ
267 1403 299 1434 δὲ
323 1403 395 1435 κατ’
412 1403 577 1445 Αἰσχίνου
600 1405 663 1441 τῆς
690 1401 984 1444 Παραπρεσβείας,
1001 1400 1121 1444 inquit
1144 1399 1422 1436 Plutarchusjn
1443 1399 1518 1432 vita
1542 1398 1679 1432 Demo-

205 1455 355 1498 sthenis,
372 1457 515 1496 ἄδηλον,
532 1457 559 1489 εἰ
574 1456 738 1488 λέλεκται.
789 1456 910 1488 Καίτοι
925 1457 1028 1497 φησὶν
1050 1454 1236 1498 Ἰδομενεὺς
1253 1456 1347 1497 παρὰ
1373 1454 1553 1497 τριάκοντα
1569 1454 1679 1497 μόνας

205 1513 268 1545 τὸν
292 1512 462 1554 Αἰσχίνην
476 1511 679 1553 ἀποφυγεῖν.
727 1509 824 1542 Ἀλλ’
844 1511 904 1543 οὐκ
926 1510 1032 1542 ἔοικεν
1055 1510 1160 1548 οὕτως
1185 1509 1277 1552 ἔχειν
1301 1507 1458 1550 τάληθὲς,
1485 1510 1511 1541 εί
1535 1508 1584 1541 δεῖ
1607 1511 1680 1548 τοῖς

206 1567 281 1610 περὶ
308 1566 478 1608 Στεφάνου
507 1564 750 1609 γεγραμμένοις
775 1564 940 1608 ἑκατέρων
965 1565 1081 1607 λόγοις
1111 1565 1357 1607 τεκμαίρεσθαι.
1411 1563 1588 1607 Μέμνηται
1613 1565 1680 1607 γὰρ

205 1621 375 1664 οὐδέτερος
390 1622 503 1653 αὐτῶν
516 1622 676 1664 ἐναργῶς,
688 1619 761 1652 οὐδὲ
779 1623 923 1664 τρανῶς,
939 1619 1064 1652 ἐκείνου
1082 1622 1140 1651 τοῦ
1156 1617 1303 1662 α’γῶνος,
1325 1619 1369 1658 ὡς
1385 1619 1465 1663 ἄχρι
1479 1618 1571 1659 δίκης
1594 1631 1681 1663 παρ-

205 1677 375 1715 ελθόντος.
423 1677 602 1719 Ταυτὶμὲν
625 1671 686 1708 οὗν
709 1674 810 1718 ἕτεροι
828 1674 1033 1717 διακρινοῦσι
1045 1675 1191 1717 μᾶλλον.
1242 1671 1287 1706 In
1305 1672 1435 1706 eadem
1450 1672 1679 1707 dubitatione

206 1741 284 1763 esse
301 1730 408 1764 video
430 1740 527 1772 eum,
543 1729 604 1774 qui
629 1729 769 1773 scripsit
787 1729 1056 1772 Argumentum
1074 1726 1304 1761 Defensionis
1320 1727 1543 1761 AEschineae.
1595 1727 1680 1761 Me-

205 1789 323 1818 morat
346 1785 406 1818 ine
423 1785 498 1818 scil.
517 1795 539 1817 a
563 1783 686 1817 multis
701 1782 811 1825 credi,
835 1783 986 1827 scriptas
1003 1781 1151 1827 quidem
1168 1781 1277 1816 fuisse
1301 1781 1366 1815 lias
1384 1781 1587 1825 Orationes,
1605 1792 1678 1816 non

207 1842 330 1873 tamen
356 1840 393 1873 in
411 1840 523 1873 Cun'a
539 1850 618 1873 esse
635 1842 733 1873 actas
748 1849 756 1872 :
784 1838 829 1871 ab
848 1838 939 1878 aliis,
957 1841 994 1872 et
1011 1840 1123 1880 actas,
1140 1839 1177 1870 et
1193 1836 1406 1873 AEschinem
1431 1840 1486 1871 tot
1501 1838 1678 1881 suffragiis

206 1904 286 1927 esse
304 1894 525 1935 absolutum,
541 1897 632 1939 quot
656 1892 878 1928 Idomeneus
902 1893 963 1926 ille
991 1892 1087 1936 apud
1112 1891 1347 1926 Plutarchum
1367 1892 1475 1925 modo
1493 1892 1675 1925 memoriae

206 1948 376 1992 prodidit.
427 1948 654 1982 Adliibeatur
678 1947 844 1982 AEscliini
867 1947 933 1992 ipsi
959 1946 1063 1988 fides,
1088 1946 1118 1979 si
1143 1956 1216 1990 qua
1245 1946 1291 1979 sit
1313 1946 1403 1980 fides
1427 1946 1464 1980 in
1491 1945 1678 1990 Epistolis,

206 2013 291 2047 quae
310 2003 360 2036 illi
387 2003 653 2037 adscribuntur.
702 2004 830 2046 Ἐφάνη
848 2003 878 2036 δὲ
903 2004 993 2042 ἴσως,
1010 2002 1055 2044 ἐφ’
1082 1999 1133 2041 οἷς
1156 2003 1396 2046 κατηγορὴΘην
1422 2003 1585 2046 πρότερον
1609 2004 1678 2036 ὑπὸ

207 2058 441 2102 Δημοσθένους
456 2077 502 2083 —
519 2060 557 2091 οὐ
573 2060 693 2101 μικρὸν
709 2059 754 2097 εἷς
771 2059 857 2102 ὑμᾶς
881 2058 999 2102 δεῖγμα
1017 2061 1116 2090 τοῦτο
1141 2060 1199 2090 τοῦ
1215 2059 1326 2096 καλῶς
1350 2058 1402 2100 lp&
1429 2058 1679 2098 πολιτεύεσθαι,

207 2113 258 2145 ὅτι
275 2113 347 2146 οὐδὲ
365 2114 599 2157 Δημοσθένους
614 2116 884 2158 κατηγοροῦντος
904 2113 1026 2146 ἑάλων.
1054 2111 1173 2155 Epist·
1193 2111 1287 2146 XII.
1306 2112 1575 2155 Argumentum
1593 2112 1681 2146 Plu-

208 2166 321 2201 tarchi
339 2168 485 2202 elumbe
502 2178 588 2201 sane
613 2171 649 2201 et
666 2168 864 2207 inficetum,
884 2171 1042 2201 tractum
1060 2167 1136 2201 scil.
1155 2178 1177 2201 a
1193 2166 1337 2200 silentio
1350 2166 1503 2210 hujusce
1517 2167 1681 2201 Accusa-

208 2222 316 2256 tionis
331 2233 396 2268 per
418 2225 531 2256 totam
558 2221 615 2256 De
634 2221 771 2257 Corona
787 2222 1084 2263 controversiam,
1102 2221 1194 2255 bene
1217 2220 1352 2256 refutat
1371 2225 1494 2255 noster
1510 2221 1680 2262 wolfius,

208 2276 296 2310 dum
319 2279 586 2311 commentatur
609 2276 656 2310 ad
674 2277 885 2311 Orationem
901 2278 1011 2319 illam,
1033 2277 1069 2310 in
1085 2276 1199 2310 initio.
1252 2275 1301 2309 Et
1318 2275 1450 2309 mirum
1464 2286 1562 2319 sane,
1579 2276 1680 2310 undo

210 2331 380 2374 arriperet
406 2331 584 2376 Ulpianus
609 2332 706 2366 istud
732 2332 929 2373 α’νὲκδοτον,
961 2332 1038 2366 scil.
1063 2332 1203 2372 Ἰστέον,
1230 2333 1281 2365 ὅτι
1303 2333 1340 2364 ἐν
1364 2333 1471 2376 τούτῳ
1495 2335 1544 2375 τῷ
1569 2334 1679 2376 χωρίῳ

208 2385 303 2427 (scil.
321 2386 349 2430 §.
367 2386 435 2419 203⁶.
451 2385 514 2419 ubi
539 2386 658 2428 agitur
675 2385 720 2418 de
745 2386 960 2420 muliercula
977 2386 1166 2431 Olynthia)
1184 2387 1379 2427 ἀνέστησαν
1395 2389 1423 2420 οἰ
1444 2388 1607 2427 δικασταὶ,
1624 2389 1679 2419 καὶ

209 2441 328 2474 εἴασαν
351 2440 479 2484 ῥήτορα
495 2441 654 2483 λέγοντα,
679 2443 737 2473 τοῦ
756 2441 943 2482 Εὐβούλου,
962 2441 1307 2485 συμπράττοντοςτῷ
1326 2443 1482 2486 Αἰσχίνη,
1498 2445 1679 2485 μισοῦντος

210 2494 241 2528 δὲ
261 2498 320 2528 τὸν
337 2494 476 2538 ρἡορα,
494 2497 650 2533 εἰπόντος
663 2497 791 2534 αὐτοῖς·
823 2497 844 2513 “
859 2497 1028 2529 Τοιούτων
1043 2497 1194 2540 αἰσχρῶν
1213 2496 1375 2540 α’νὶχεσθε
1392 2497 1553 2540 λέγοντος
1569 2503 1679 2540 Δημο-

210 2549 391 2590 σθένους;”
416 2550 466 2584 Et
488 2550 526 2584 id
547 2560 693 2594 quoque
712 2550 862 2584 l'hotius
878 2554 1020 2584 tuetur:
1048 2553 1300 2595 Κατηγορηθεὶς
1315 2548 1542 2597 [AEschincs]
1570 2564 1680 2595 παρα-

211 2606 392 2648 πρεσβείας
408 2606 477 2638 ὑπὸ
494 2605 738 2649 Δημοσθένους,
764 2606 827 2647 οὐχ
853 2606 951 2646 ἰάλω,
976 2608 1034 2639 ἅτε
1061 2606 1100 2647 δὴ
1130 2607 1306 2647 Εὐβούλου
1331 2610 1390 2639 τοῦ
1413 2607 1627 2649 δημαγωγοῦ,
1648 2605 1677 2650 ᾧ

211 2660 410 2702 ὑπηρέτησε,
425 2660 745 2703 συναγωνισαμένου
758 2661 852 2702 αὐτῷ
869 2663 953 2693 κατὰ
966 2661 1213 2704 Δημοσθένους,
1224 2663 1260 2694 ἐν
1272 2665 1320 2704 τῷ
1335 2661 1586 2704 παρασκευάσαι
1600 2663 1679 2701 τοὺς

211 2713 370 2753 δικαστὰς
393 2715 586 2753 ἀναστῆναι
603 2715 651 2746 ε’τι
673 2717 732 2747 τοῦ
758 2716 994 2758 Δημοσθένους
1017 2716 1189 2759 λέγοντος.
1239 2716 1372 2748 Annon
1399 2714 1478 2747 lloec
1503 2715 1675 2758 clamant,

213 2777 285 2801 non
311 2770 428 2803 solum
457 2768 606 2813 scriptas
634 2779 713 2802 csse
738 2768 803 2802 has
834 2769 1039 2810 Orationes,
1067 2780 1192 2803 verum
1221 2769 1329 2802 etiarn
1357 2771 1567 2812 peraratas?
1597 2770 1678 2804 Ad-

207 2822 362 2866 jungere
382 2825 491 2857 etiarn
518 2823 717 2868 potuissem
743 2835 961 2868 anonymum
979 2825 1201 2869 Scriptorem
1220 2825 1302 2857 vit-'n
1324 2823 1522 2865 sEscininis,
1539 2827 1677 2860 se.''0n

216 2879 369 2919 ἠόιννὴἃη
388 2883 522 2919 νικῆσαι
540 2883 606 2921 τήν
622 2883 840 2924 κατηγορίαν,
859 2882 1034 2922 Εὐβούλου
1052 2879 1372 2923 συναγωνισαμὶνου
1391 2882 1476 2913 narrt
1491 2884 1549 2913 τοῦ
1567 2887 1680 2926 Δημο-

214 2934 270 2966 ⁶33
277 2947 366 2973 νους,
383 2936 418 2966 ὃν
435 2937 483 2977 τῷ
496 2939 633 2976 ποιῆσαι
648 2938 725 2975 τοὺς
739 2936 897 2975 δικαστὰς
912 2936 1118 2975 α’ναστῆναι,
1131 2937 1177 2967 ε’τι
1189 2937 1247 2967 τοῦ
1261 2934 1492 2978 Δημοσθῦνους
1503 2936 1677 2980 λέγοντος,

214 2990 258 3027 ὡς
275 2990 425 3036 ἔγνωμεν
441 2993 494 3023 καὶ
512 2994 609 3025 τοῦτο
624 2993 662 3026 ἐν
679 2995 748 3030 τοῖς
766 2993 1033 3035 Δημοσθενικαῖς.
1081 2990 1152 3025 Sed
1171 2990 1252 3035 quis
1268 3000 1343 3025 non
1370 2991 1479 3035 videt,
1501 2991 1580 3026 lioec
1597 3003 1676 3026 csse
