1928 3284
234 198 344 251 364
660 215 820 256 FRID.
852 215 991 256 AUG.
1024 212 1242 255 WOLFII

291 320 382 357 Fuit
402 319 537 357 harum
563 320 676 359 trium
704 322 899 366 classium,
923 321 1081 359 Civitati
1109 334 1265 360 munera
1286 319 1468 370 quaedam
1498 319 1688 370 praebere,

239 381 359 431 idque
375 382 526 432 privato
541 389 681 428 sumtu,
700 396 796 433 quas
813 382 934 420 Attici
949 385 1211 434 Retrovpylagq
1232 382 1440 426 vocabant,
1459 381 1507 418 de
1528 394 1692 431 quarum

239 443 390 481 ratione
409 450 546 494 postea
561 445 737 495 pluribus
759 456 1008 495 exponemus.
1066 445 1182 482 Nunc
1199 457 1314 482 unum
1337 443 1430 481 illud
1451 441 1692 492 explicandae

241 504 317 555 legi
333 506 583 544 animadverti
603 506 733 551 debet,
751 505 991 543 vacationem
1026 506 1161 543 horum
1194 517 1393 543 munerum
1414 515 1695 552 nonnunquam

242 566 485 617 Populiscito
505 569 566 606 vel
587 569 669 618 lege
691 567 820 604 datam
843 580 926 604 esse
941 567 1002 617 iis,
1025 569 1092 617 qui
1112 567 1272 604 nimium
1295 581 1333 604 se
1353 579 1400 603 eo
1421 578 1536 603 onere
1557 564 1694 615 premi,

243 633 312 666 aut
326 628 504 667 beneficii
525 630 563 666 in
579 628 772 679 Populum
791 629 922 666 collati
942 629 1108 678 pretium
1122 628 1307 666 meruisse
1321 627 1554 665 viderentur.
1594 626 1696 664 Haec-

243 687 361 726 ferme
383 689 448 726 illa
468 697 527 727 est
551 691 786 734 immunitas,
806 692 974 734 α’τέλεια,
994 689 1033 726 in
1053 702 1130 738 qua
1156 688 1403 726 defendenda
1422 688 1566 726 Orator
1585 687 1695 725 labo-

246 755 336 788 rat.r
392 751 596 789 Minimum
628 751 666 789 id
698 752 814 802 vulgo
843 751 1018 789 habitum
1048 751 1150 789 inter
1177 750 1338 801 praemia
1369 750 1571 795 solennia,s
1604 763 1694 799 quae

244 811 407 849 Athenis
427 826 474 849 ex
492 820 618 850 vetere
639 812 922 851 consuetudine
938 820 975 850 et
993 811 1156 862 sapienti
1176 811 1336 849 consilio
1350 811 1562 849 constituta
1576 816 1698 848 erant.

246 872 398 909 Etenim
419 874 607 924 ampliora
636 880 674 912 et
702 873 911 911 illustriora
937 880 1045 911 erant
1074 875 1192 918 εἰκών,
1213 872 1401 923 προεδρία,
1430 875 1588 918 σίτησις,
1617 874 1698 909 στέ..

245 942 375 984 φαιιος.
431 935 508 972 Sed
529 936 612 974 liaec
634 935 773 979 omnia,
796 934 874 972 dici
901 934 964 972 vix
984 940 1128 985 potest,
1151 947 1267 984 quam
1287 946 1374 971 rara
1399 932 1543 970 fuerint
1561 931 1699 982 priori-

244 995 317 1032 bus
339 996 534 1045 aetatibus,
556 1010 676 1046 quum
697 996 881 1047 Populus,
902 996 952 1034 de
972 1009 1041 1034 sua
1068 996 1247 1034 libertate
1267 1002 1307 1032 et
1327 994 1528 1044 majestate
1554 993 1700 1032 tuenda

246 1057 359 1095 unice
379 1058 581 1104 sollicitus,
603 1065 642 1096 et
661 1059 821 1096 nimium
842 1058 1091 1109 suspiciosus,
1112 1070 1263 1096 omnem
1293 1057 1452 1107 gloriam
1479 1069 1607 1094 rerum
1626 1069 1700 1106 pu-

245 1118 346 1157 blice
364 1127 556 1169 gestarum
579 1120 651 1158 sibi
671 1120 898 1167 vindicaret,
920 1119 1086 1165 civibus,
1109 1119 1177 1169 qui
1206 1132 1267 1156 res
1296 1124 1511 1168 gesserant,
1535 1118 1700 1168 maligne

248 1180 496 1220 detraheret.t
549 1182 688 1232 Itaque
720 1187 859 1219 statuae
889 1181 1025 1227 honor,
1055 1186 1242 1230 quantum
1269 1179 1506 1229 accepimus,
1528 1184 1618 1217 ante
1641 1186 1701 1230 ty-

248 1282 419 1321 neglexerit
435 1284 589 1314 Aminonii
609 1283 656 1314 sui
682 1283 787 1319 verba,
803 1283 912 1313 hausta
938 1294 955 1312 e

245 1325 346 1363 perito
377 1331 510 1362 auctore,
542 1327 574 1356 in
599 1338 628 1356 v.
660 1326 798 1360 ἰσοτελής.
855 1326 956 1356 Πάντα

245 1367 319 1408 ἔχων
333 1371 373 1399 τὰ
386 1370 462 1399 αὐτὰ
475 1371 533 1403 τοῖς
548 1368 697 1405 πολίταις,
712 1371 804 1400 πλὴν
826 1370 888 1398 τοῦ
905 1369 956 1409 ἀρ-

247 1421 335 1451 χειν.
382 1413 429 1442 Ne
446 1412 478 1442 τὸ
500 1411 620 1451 δικάζειν
635 1413 756 1452 quidem
774 1412 956 1442 Grammati-

247 1465 300 1483 cus
314 1456 447 1493 excepit.
492 1456 590 1492 Quam
617 1467 700 1490 vere,
729 1455 843 1485 nescio.
889 1456 958 1484 Nec

247 1501 349 1527 tamen
381 1499 411 1528 id
441 1499 558 1534 nescio,
583 1509 622 1528 er.
639 1500 696 1528 hac
712 1498 809 1528 classe
826 1498 863 1527 ab
879 1497 957 1536 ipsis

248 1540 369 1570 civibus
403 1541 551 1574 διαιτητὰς
580 1546 696 1571 sumtos
727 1551 806 1576 esse,
838 1540 957 1579 qualem

249 1583 440 1613 Theodotum
471 1584 585 1614 ἰςοτελῆ
611 1585 690 1622 apud
719 1584 959 1613 Demosthenem

247 1625 378 1665 legimus
392 1627 421 1656 in
436 1627 561 1656 Phorm.
578 1637 609 1666 p.
625 1629 698 1657 912.
720 1627 769 1655 ed.
788 1627 825 1656 R.
870 1626 960 1656 Cete-

249 1679 317 1698 rum
348 1671 428 1698 cons.
453 1670 490 1699 ad
517 1671 585 1699 haec
613 1670 723 1699 Pollux
754 1670 817 1698 111.
848 1670 900 1698 56.
931 1673 961 1698 et

252 1712 349 1741 Vni.
387 1714 457 1743 155.
520 1714 702 1751 Harpocrat.
734 1723 784 1741 vV.
809 1709 959 1750 μετοίκιον,

251 1754 434 1794 προστάτης,
450 1756 587 1788 icon-exin.

250 1801 324 1829 246.
353 1808 437 1838 seqq.
482 1798 629 1828 Valcken.
648 1798 750 1827 Anim.
766 1798 804 1827 ad
821 1800 960 1827 Ammon.

248 1844 367 1879 p.11‘3.
413 1841 576 1870 Ruhnken.
598 1841 636 1870 ad
661 1839 808 1870 Timaeum
838 1851 869 1879 p.
888 1843 959 1869 110.

252 1883 359 1913 Zeunii
376 1885 449 1913 Not.
466 1885 503 1913 ad
517 1884 662 1923 Xenoph.
676 1883 697 1914 l.
709 1895 735 1912 c.
782 1884 961 1921 Quanquam

251 1936 323 1965 post
342 1927 407 1956 haec
438 1927 539 1957 omnia
568 1927 616 1956 vis
641 1932 672 1956 et
699 1927 777 1956 ratio
809 1924 963 1959 ῖσστελείας

252 1980 310 1999 non
323 1971 396 1999 satis
416 1970 498 1999 clara
511 1976 568 2005 est,
592 1970 703 2009 partim
724 1976 860 1999 veterum
876 1970 960 2008 ipso-

252 2022 320 2041 rum
345 2013 444 2051 culpa.
490 2013 532 2042 At
565 2023 691 2051 prorsus
723 2013 874 2042 diversam
897 2022 962 2041 eam

251 2056 349 2085 fuisse
364 2056 401 2085 ab
415 2055 541 2096 ἀτελείᾳ,
554 2060 692 2094 apertum
716 2060 773 2085 est.
818 2055 964 2084 Confudit

252 2098 306 2127 has
327 2109 375 2128 res
395 2100 537 2128 Potterus
559 2099 712 2128 Archaeol.
727 2108 772 2136 gr.
796 2098 850 2127 lib.
878 2099 904 2127 Ι.
936 2109 963 2127 c.

633 1755 729 1784 Petit.
757 1755 821 1784 LL.
838 1755 905 1784 AA.
929 1764 960 1792 p.

255 2143 319 2176 10„
333 2141 383 2179 qui
399 2141 486 2180 plura
501 2140 544 2171 ibi
558 2142 635 2171 falsa
650 2142 752 2176 dccet,
767 2146 817 2170 aut
828 2150 844 2169 e
862 2141 963 2170 Petito

253 2194 308 2213 suo
323 2184 427 2213 trahit.

298 2232 314 2253 q
332 2226 524 2256 Vocabulum
553 2227 704 2256 interdum
730 2225 847 2256 Latinis
865 2225 962 2255 literis

257 2269 404 2307 scriptum
429 2269 562 2303 servavi,
593 2269 735 2308 exemplo
775 2268 964 2303 Latinorum,

255 2312 308 2351 qui
338 2311 471 2348 nomina,
488 2312 616 2347 Archon,
646 2317 803 2352 strategus,
829 2311 965 2349 ephebus,

254 2361 313 2385 etc.
330 2359 507 2392 servarunt3
522 2355 596 2385 alias
612 2355 678 2384 dixi
694 2364 815 2384 munera
826 2353 965 2390 solennia,

254 2403 285 2428 et
315 2403 419 2427 coiitra
439 2399 684 2428 extraordinaria.
739 2398 818 2427 Nam
847 2397 964 2436 duplex

257 2451 362 2471 eorum
382 2451 478 2480 genus
501 2441 569 2476 fuit,
584 2445 616 2470 ut
633 2445 742 2480 postea
757 2440 940 2471 videbimus.

300 2484 425 2513 rEtiam
440 2482 571 2517 ἀτελείας
595 2485 655 2513 duo
676 2482 827 2521 imprimis
854 2492 966 2521 genera

255 2532 334 2562 sunt,
371 2527 509 2562 alterum,
541 2527 579 2556 de
611 2536 670 2565 quo
698 2536 778 2555 nuuc
815 2525 964 2561 diximus,

256 2570 338 2608 quod
361 2571 550 2599 vacationem
575 2570 668 2599 dabat
693 2578 711 2598 a
733 2568 888 2606 choragia,
909 2579 964 2607 gy-

255 2612 460 2642 mnasiarchia
471 2617 499 2641 et
512 2612 659 2649 ἑστιάσεις
675 2611 815 2646 alterum,
831 2611 869 2640 ad
882 2612 965 2650 quod

254 2655 450 2694 pertinebant
480 2655 686 2685 immunitates
723 2653 864 2693 portarii,
894 2654 964 2683 reli-

255 2709 442 2737 quorumque
456 2698 664 2737 vectigalium,
679 2697 756 2727 aliae.
803 2698 884 2726 Bene
901 2698 965 2726 haec

257 2747 287 2770 et
314 2740 426 2770 similia
463 2741 574 2770 docent
605 2743 710 2780 Intpp.
737 2740 774 2769 ad
806 2739 965 2769 Pollucem

256 2785 350 2813 vlu.
367 2787 439 2813 140.
453 2788 483 2812 et
498 2784 626 2813 Vandal.
645 2784 821 2814 Dissertatt.
838 2782 964 2821 Antiqq.

256 2831 287 2855 et
311 2827 471 2856 Marmorv.
487 2827 598 2856 illustr.
624 2838 654 2866 p.
675 2829 750 2856 781.
797 2827 896 2856 Unum
920 2830 965 2855 ta·

256 2880 325 2898 men
356 2871 392 2898 ab
422 2869 470 2899 his
495 2869 640 2899 omissum
665 2875 725 2905 est,
741 2867 858 2898 ἀτέλεια
884 2868 965 2909 ἱερῶν,

257 2922 344 2950 quam
362 2913 476 2942 Noster
489 2913 583 2952 tangit
598 2914 623 2952 ς’.
640 2911 707 2951 κζ’.,
721 2912 860 2946 brevius,
876 2921 964 2950 quarn

258 2954 357 2983 velles
380 2954 409 2983 in
439 2966 483 2990 re,
499 2965 586 2994 quam
609 2955 708 2985 nullus
725 2959 860 2985 veterum
877 2954 964 2984 nobis

256 2997 409 3036 exposuit.
454 2997 635 3038 Cuiijectiira
661 3008 734 3037 ergo
761 3008 852 3038 quum
879 3002 965 3028 nten-

989 1284 1060 1313 dum
1073 1283 1123 1319 sit,
1145 1283 1204 1313 nisi
1223 1293 1271 1312 me
1293 1292 1361 1312 mea
1377 1281 1464 1317 fallit,
1479 1281 1619 1311 Oratoris
1632 1291 1700 1312 sen-

988 1327 1114 1356 tentiam
1125 1336 1231 1366 presse
1244 1336 1384 1365 sequens,
1396 1324 1547 1364 pertinuit
1560 1326 1700 1354 immuni-

990 1375 1034 1399 tas
1055 1380 1205 1400 sacrorum
1230 1379 1278 1404 eo,
1310 1369 1392 1408 quod
1422 1368 1507 1397 cives
1530 1368 1703 1398 debuerunt

992 1412 1133 1442 victimas
1153 1419 1183 1442 et
1206 1412 1280 1441 alias
1298 1423 1357 1446 res,
1385 1412 1516 1440 fortasse
1539 1410 1701 1450 pecuniam

992 1466 1112 1494 quoque
1139 1465 1267 1494 erogare
1290 1455 1324 1484 in
1351 1454 1477 1493 templa,
1494 1454 1643 1483 sacrificia
1667 1458 1700 1483 et

992 1499 1053 1528 alia
1068 1498 1206 1537 ejusdem
1231 1498 1375 1536 generis:
1405 1507 1440 1526 ae
1470 1497 1508 1526 de
1536 1497 1584 1526 his
1610 1495 1702 1535 ipsis,

992 1540 1042 1570 vel
1058 1546 1143 1579 parte
1161 1551 1275 1574 eorum,
1291 1540 1436 1579 accipiam
1452 1539 1542 1568 etiam
1557 1540 1598 1568 τὰ
1621 1537 1702 1578 γε’ςα,

992 1584 1133 1613 AEschini
1154 1587 1319 1613 memorata
1340 1583 1370 1611 in
1386 1583 1455 1611 loco
1470 1581 1584 1621 insigni
1612 1582 1700 1611 Orat.

992 1627 1022 1656 in
1041 1627 1176 1664 Ctesiph.
1203 1627 1227 1666 ς’.
1253 1625 1292 1654 55¹.
1321 1625 1523 1655 Confirmatur
1548 1625 1605 1653 hoe
1627 1633 1701 1662 quo-

994 1669 1154 1698 dammodo
1179 1670 1216 1698 ab
1234 1668 1413 1703 Aristotele,
1440 1668 1492 1705 qui
1510 1668 1548 1696 de
1564 1666 1702 1705 magnifi-

994 1712 1094 1741 centia
1107 1712 1234 1749 loquens
1250 1711 1281 1739 in
1307 1711 1417 1740 Ethica
1444 1710 1566 1739 Nicom.
1590 1710 1646 1738 IV.
1669 1710 1700 1740 5.

995 1759 1113 1784 sumtus
1128 1755 1157 1783 in
1175 1753 1299 1792 templa,
1312 1753 1500 1782 anathemata
1516 1756 1547 1781 et
1555 1751 1704 1782 sacrificia

995 1797 1152 1836 conjungit
1182 1807 1251 1826 cum
1281 1796 1435 1835 choragia,
1472 1795 1650 1825 trien-archia
1674 1800 1706 1825 et

996 1840 1135 1869 ἑστιάσει.
1179 1840 1241 1869 Sed
1258 1839 1384 1868 alterum
1402 1839 1524 1868 illorum
1549 1848 1705 1877 generum,

996 1893 1064 1921 quae
1086 1883 1228 1922 superius
1243 1882 1342 1921 posui,
1365 1882 1414 1911 vel
1428 1885 1586 1920 utrumque
1601 1881 1703 1910 Graeci

1000 1926 1115 1960 dieunt.
1142 1936 1234 1964 quum
1251 1924 1430 1963 simpliciter
1442 1924 1548 1953 dicunt
1563 1923 1705 1954 ἀτέλειαν.

997 1970 1037 1998 Et
1046 1969 1115 1998 hinc
1129 1978 1250 2007 quoque
1267 1967 1419 2006 intelliges
1433 1966 1563 1996 ἀτέλειαν
1573 1967 1708 1996 ἁπάντων

996 2013 1077 2050 apud
1091 2012 1223 2041 Atticos.
1269 2010 1345 2040 Nam
1359 2009 1434 2039 nihil
1447 2010 1484 2039 ad
1500 2020 1556 2039 nos
1572 2009 1706 2039 Herodi-

998 2065 1043 2083 an.
1064 2056 1150 2084 11.4.
1196 2055 1305 2092 ltaque
1336 2054 1362 2082 si
1380 2052 1573 2090 vectigalium
1596 2052 1704 2081 immu-

997 2097 1075 2126 nitas
1114 2097 1285 2126 continetur
1316 2095 1435 2125 nomine
1461 2096 1602 2130 ἀτελείας,
1632 2104 1707 2124 vere

999 2140 1145 2178 Leptines
1167 2139 1222 2168 illa
1251 2139 1366 2168 ratione
1404 2137 1505 2176 potuit
1530 2137 1588 2172 uti,
1617 2147 1707 2176 quarn

998 2183 1115 2212 Noster
1127 2182 1236 2222 carpit,
1258 2192 1295 2211 ne
1311 2182 1410 2211 dicam
1426 2179 1626 2210 calumniatur
1640 2181 1666 2220 §.
1683 2180 1710 2210 ἦ.

998 2226 1066 2256 Jam
1079 2236 1117 2255 ex
1134 2225 1184 2260 iis,
1196 2235 1262 2263 quae
1277 2224 1446 2263 disputavi,
1459 2223 1543 2253 varie
1557 2223 1708 2262 explicari

998 2268 1113 2297 debent
1139 2267 1357 2303 immunitates,
1385 2277 1459 2305 quas
1490 2265 1622 2304 legimus
1654 2275 1710 2295 seu

999 2311 1118 2340 civitati
1134 2323 1150 2341 a
1166 2310 1302 2345 civitate,
1319 2320 1374 2339 seu
1395 2309 1515 2347 privato
1537 2318 1712 2343 concessas,

999 2358 1032 2383 ut
1056 2354 1086 2383 iu
1113 2353 1275 2391 Inscriptt.
1294 2363 1343 2392 ap.
1368 2352 1574 2382 Chandlerum
1599 2362 1629 2390 p.
1655 2353 1708 2381 20.

999 2397 1150 2427 Herodot.
1168 2398 1193 2426 Ι.
1213 2398 1264 2426 54.
1281 2395 1428 2434 Xenoph.
1442 2394 1568 2424 Hellen.
1588 2395 1617 2424 Ῑ.
1633 2396 1663 2424 2.
1679 2395 1712 2423 ⁹7.

999 2440 1172 2479 Psephism.
1198 2440 1327 2477 Byzant.
1356 2439 1385 2467 iu
1403 2437 1561 2467 Demosth.
1591 2437 1646 2466 Or.
1671 2436 1710 2465 de

999 2483 1070 2513 Cor.
1089 2486 1110 2517 ξ.
1128 2481 1181 2522 κζ’.
1203 2482 1255 2511 ubi
1270 2481 1476 2521 ἀλειτούργητοι
1489 2480 1641 2514 dicuntur,
1658 2479 1711 2518 qui

998 2526 1112 2555 Anieis
1148 2529 1216 2554 sunt
1243 2524 1365 2557 ἀτελεῖς.
1418 2523 1509 2552 Adde
1541 2522 1712 2551 Diodorum

999 2569 1060 2599 Sic.
1090 2568 1154 2598 XI.
1173 2570 1225 2598 43.
1269 2567 1413 2596 Nondum
1438 2564 1517 2595 enim
1535 2565 1639 2600 video,
1658 2575 1713 2594 cur

998 2611 1111 2644 ἀτελεῖς
1133 2611 1225 2640 docto
1248 2609 1409 2648 interpreti
1433 2608 1477 2637 ibi
1494 2607 1643 2646 scriptum
1668 2608 1714 2636 vi-

999 2655 1107 2683 deatur
1129 2664 1186 2692 pro
1201 2653 1353 2685 ἲσοτελεῖςε
1379 2651 1437 2680 nisi
1451 2651 1529 2680 forte
1548 2650 1581 2679 in
1612 2650 1711 2680 animo

999 2696 1105 2726 habuit
1116 2697 1217 2725 locum
1230 2694 1376 2733 Xenoph.
1389 2693 1427 2722 de
1443 2693 1566 2732 Vectig.
1583 2693 1642 2722 IV.
1659 2695 1712 2723 1⁶2.

1042 2746 1053 2759 ⁸
1066 2739 1219 2777 Colligere
1235 2738 1268 2767 id
1293 2737 1365 2766 mihi
1381 2740 1464 2766 recte
1479 2735 1589 2765 videor
1604 2746 1644 2765 ex
1660 2736 1712 2772 iis,

999 2792 1066 2820 quae
1089 2782 1200 2811 Orator
1220 2780 1310 2810 habet
1341 2779 1366 2818 ἑ.
1399 2777 1454 2817 κζ’.
1513 2778 1606 2817 Apud
1635 2778 1714 2808 alios

998 2835 1062 2854 rem
1076 2835 1134 2854 non
1150 2822 1274 2853 memini
1290 2832 1338 2852 rne
1360 2821 1475 2861 legere.

1042 2869 1051 2887 ²
1066 2866 1153 2896 conf.
1165 2866 1344 2904 scriptores,
1354 2875 1431 2903 quos
1443 2863 1568 2894 laudavi
1579 2863 1610 2893 in
1621 2864 1712 2894 Gom·

998 2913 1125 2940 mentar.
1143 2913 1165 2944 ς.
1189 2907 1235 2943 ις’.
1253 2913 1321 2938 ante
1348 2907 1427 2937 med.
1455 2911 1485 2936 et
1508 2905 1600 2946 §.282
1647 2906 1710 2938 Sed

998 2953 1044 2982 illi
1060 2963 1122 2983 rem
1138 2951 1239 2990 paullo
1256 2951 1344 2980 aliter
1360 2951 1609 2989 interpretantur.
1649 2949 1711 2979 His

999 2996 1090 3026 addat
1106 2995 1164 3025 tiro
1179 2996 1330 3033 Nepotem
1350 3004 1434 3024 suum
1450 2991 1582 3023 Miltiad.
1595 3002 1622 3021 c.
1634 2993 1665 3022 6.
