1928 3284
259 218 367 273 378

259 337 299 374 in
326 337 401 373 hoc
420 333 548 371 libro¹¹
568 333 800 371 mentionem
822 332 929 377 facit,
951 337 993 368 ut
1022 343 1104 368 eam
1126 331 1283 381 Olymp.
1307 334 1398 375 106,
1416 334 1453 369 2.
1473 330 1584 380 plane
1604 342 1709 366 rece-

260 403 367 449 ptam
398 395 525 446 putari
553 401 744 445 oporteat.
801 393 919 437 Quod
947 392 1104 442 quidem
1125 405 1172 429 eo
1203 391 1329 430 facere
1355 391 1488 429 licebit
1513 390 1711 429 confiden-

262 459 352 504 tius,
383 457 475 506 quia
502 456 542 494 in
569 456 645 494 alia
673 454 872 500 Oratione,
894 466 1008 503 quam
1034 453 1251 502 insequenti
1273 465 1374 489 anno
1406 452 1455 489 de
1488 450 1711 489 ordinandis

263 518 478 571 symmoriis
500 517 646 562 habuit,
668 516 844 566 ejusdem
866 514 1162 552 contributionis
1183 514 1220 550 in
1246 513 1468 551 trierarchia
1485 517 1652 562 receptae
1673 517 1714 548 et

261 580 398 630 viginti
423 578 709 629 symmoriaruni
736 575 962 613 nominatim
994 574 1195 611 meminit.⁰
1249 574 1417 612 Accedit
1436 574 1551 611 etiam
1574 571 1712 609 Oratio

265 641 454 684 Midiana,
475 641 513 676 in
534 651 608 688 qua
630 637 706 675 tale
726 643 785 674 est
802 635 988 673 iudicium
1007 636 1074 680 rei,
1095 641 1137 672 ut
1153 647 1197 671 ea
1211 634 1313 672 haud
1335 636 1457 673 multo
1477 641 1580 679 ante,
1596 646 1711 683 quam

265 702 341 740 ista
385 714 519 739 caussa
568 705 760 748 ageretur,
800 697 976 735 instituta
1013 696 1132 733 videri
1174 695 1347 733 debeat.p
1416 696 1588 733 Pertinet
1625 706 1716 731 vero

265 775 401 800 caussa
422 760 599 798 Midiana
627 759 675 797 ad
704 759 865 809 Olymp.
890 762 976 802 106,
997 761 1054 794 45³
1108 757 1194 794 Jam
1214 768 1358 793 annum
1389 756 1420 793 si
1439 768 1604 806 quaeras,
1637 767 1716 804 quo

265 823 502 862 contributio
528 820 777 859 trierarehica
796 819 878 856 fieri
908 818 1082 868 coeperit,
1113 817 1206 854 nihil
1234 817 1375 854 diserte
1405 816 1453 854 de
1487 830 1533 853 eo
1553 817 1718 854 relatum

265 885 460 928 invenias;
492 889 620 920 tamen
641 895 759 932 quum
781 880 819 919 id
840 880 1059 918 institutum
1081 879 1213 928 primis
1234 878 1340 915 annis
1362 877 1606 928 Olympiadis
1626 882 1716 914 106.

266 946 441 991 valuisse,
456 957 514 989 ea,
538 956 625 993 quae
642 942 759 979 modo
776 941 926 990 scripsi,
948 941 1165 978 luculenter
1185 944 1412 983 monstrent,
1431 937 1568 975 Oratio
1587 944 1715 974 autem

266 1006 449 1044 adversus
471 1004 670 1055 Polyclem
698 1002 813 1040 fidem
837 1001 965 1045 faciat,
987 1000 1143 1049 Olymp.
1165 1004 1253 1044 104,
1274 1003 1312 1036 4.
1338 999 1374 1035 id
1397 998 1568 1036 nondum
1587 998 1627 1034 in
1647 1011 1717 1035 usu

265 1067 408 1105 suisset
431 1065 663 1115 relinquitur
682 1076 757 1101 una
778 1062 939 1111 Olymp.
964 1064 1066 1104 105„
1086 1060 1125 1096 in
1145 1072 1221 1109 qua
1243 1059 1352 1096 initia
1366 1059 1483 1096 latere
1503 1058 1716 1096 videantur.

265 1130 397 1178 Atque
427 1128 515 1164 huic
544 1122 825 1175 computationi
845 1121 975 1159 forsan
1006 1119 1120 1157 etiam
1153 1119 1308 1157 aliunde
1336 1119 1590 1169 probabilitas
1621 1117 1714 1156 addi

685 227 843 269 FRID.
878 226 1013 268 AUG.
1048 224 1271 266 WOLFII

266 1189 418 1240 possit.r

268 1285 341 1323 μιᾶς
357 1283 424 1323 ἅμα
447 1281 646 1321 ἒπεμελοῧντο,
670 1279 814 1314 συντελεῖς
840 1278 976 1318 ἐλέγοντο.

268 1325 307 1356 Τὸ
323 1326 350 1356 δὲ
364 1328 491 1365 πξὲίγμαι
506 1323 653 1354 συντέλεια
668 1324 812 1353 καλεῖται.
857 1323 977 1359 Quodsi

267 1369 465 1408 Antiphontis
500 1367 678 1401 auctoritas,
709 1376 797 1404 quam
826 1367 977 1404 Harpocr.

269 1412 366 1447 addit,
380 1411 449 1440 loco
467 1420 521 1440 suo
538 1409 635 1448 posita
651 1414 709 1444 est,
725 1408 873 1447 pertinuit
888 1419 923 1438 ea
940 1408 977 1436 ad

267 1454 351 1483 aliud
377 1463 472 1492 genus
497 1449 668 1485 συντελείας.
711 1451 812 1489 quue
839 1451 906 1490 ipsa
932 1451 979 1480 in·

273 1497 401 1536 scriptio
417 1495 574 1525 Orationis
593 1494 752 1533 probabile
767 1494 850 1523 facit.

318 1539 421 1568 ¹¹Vid.
437 1539 463 1578 ξ
478 1537 513 1576 ζ’.
530 1537 561 1566 ἱη
577 1537 627 1566 fin.

316 1587 331 1603 ⁰
356 1580 636 1610 Animadvertenda
662 1578 704 1608 ibi
735 1577 884 1616 imprimis
911 1581 981 1606 sunt.

272 1626 338 1655 haec
367 1624 389 1654 ⁶.
406 1621 429 1652 3
486 1621 578 1661 Οἶμαι
615 1621 667 1650 δειν
701 1632 822 1650 ποιησαι
860 1630 981 1659 συμμο-

273 1667 332 1707 ξίας
358 1666 466 1700 εἴκοσιν,
483 1665 600 1703 ὥςπερ
627 1664 678 1693 νῦν
708 1661 813 1698 εἰσίν,
848 1663 980 1700 ἐξήκοντα

275 1710 406 1748 σώματα
425 1718 547 1748 εχουσαν
569 1706 701 1736 ἑκάστην.
748 1705 842 1741 Quod
859 1704 980 1734 Oratio-

273 1762 345 1782 nem
361 1751 458 1780 refero
474 1750 511 1779 ad
528 1749 652 1787 Olymp.
671 1750 744 1783 106,
757 1750 800 1783 3.,
822 1748 852 1777 in
872 1758 909 1777 eo
933 1757 981 1776 se-

274 1805 352 1834 quor
367 1793 549 1832 Dionysium
565 1791 668 1821 Halic.
684 1791 742 1829 Ep.
759 1791 797 1820 ad
814 1793 981 1820 Ammaeum

274 1837 301 1876 ἑ.
314 1839 359 1872 4.,
375 1835 424 1866 ubi
442 1835 569 1874 primam
586 1834 667 1862 illam
686 1833 773 1871 ponit
791 1832 981 1871 publicarum

275 1881 387 1913 Oratt„
405 1882 435 1907 et
449 1878 581 1907 habitam
599 1875 735 1905 Diotimo
751 1876 843 1905 Arch.

318 1922 432 1950 POral.
446 1921 475 1949 in
488 1920 565 1949 Mid.
583 1918 608 1958 ξ.
619 1921 671 1949 43.
715 1916 804 1951 Οἷτος
815 1918 842 1957 (ὃ
853 1916 982 1955 Μειδίας)

273 1965 391 2002 γεγονὼς
412 1962 461 1993 ἔτη
485 1963 546 2002 περὶ
570 1962 740 1992 πεντήκοντα.
767 1961 834 1994 ἴσως
857 1960 871 1990 ἢ
886 1960 983 1999 μικρέν

276 2006 394 2037 ελάττω
416 2003 511 2035 οὐδέν’
501 2005 571 2044 εμοῧ
595 2002 705 2036 πλείους
727 2001 895 2043 λειτουργίας
917 2003 984 2041 ὑμῖν

274 2048 480 2087 λελειτουργηκε
483 2060 504 2083 ν,
519 2046 546 2080 ὃς
567 2045 611 2076 δύο
632 2046 679 2075 καὶ
701 2046 849 2085 τριάκοντα
872 2045 920 2075 ’ἐτη
936 2056 983 2082 γε·

276 2103 353 2143 ἴονα-
398 2089 480 2129 Κᾳγω
502 2102 541 2130 (hi
532 2102 557 2119 ,ν
578 2087 647 2118 '‘27''
660 2099 703 2118 En!
707 2088 770 2121 ‘'Vol-lq
792 2100 856 2121 Τους
856 2098 985 2148 α,γνξῠγᾶυζ

277 2133 479 2173 ἔτςιηξάρχουν,
503 2132 585 2165 stab:
607 2131 638 2160 ἐκ
658 2130 768 2160 παίδων
790 2129 832 2168 ἐξε
836 2130 922 2164 redu,
938 2129 983 2159 δ’τε

278 2174 401 2206 συνδυῦ
388 2180 456 2214 ἦμεν
470 2176 490 2204 Οἱ
506 2184 674 2214 Τρίηξαξχθι,
688 2173 734 2201 καὶ
751 2185 790 2202 ‘rd-
803 2173 984 2210 ἀναλώματα

278 2219 383 2249 πάντα.
397 2217 427 2246 ἐκ
441 2220 494 2246 τῶν
508 2215 577 2246 ἰδίων
592 2216 678 2251 οἴκων,
690 2215 737 2244 καὶ
754 2217 809 2247 τὰς
820 2216 884 2248 ναῦς
898 2214 984 2244 ἐπλη-

278 2271 375 2301 ponpa-SV
394 2259 484 2289 αυ7οί“
499 2270 576 2291 Ουτῠζ
590 2257 628 2293 δέ,
643 2257 688 2287 ὁΤΕ
710 2269 765 2296 μεν
784 2269 863 2286 ua'roe
879 2257 984 2287 Ταυτην

278 2306 327 2334 ’τήν
343 2301 447 2333 ἡλικίαν
467 2314 505 2336 ην,
520 2300 584 2330 καθ’
597 2300 626 2331 ἠν
648 2299 703 2338 ἐγὼ
725 2311 776 2335 νυν,
799 2299 904 2329 οὐδέπω
928 2305 984 2328 λει-

279 2346 398 2386 τουργεῖν
413 2355 526 2390 ηρχετο,
541 2344 738 2373 τηνικαῦτα
761 2341 797 2371 δὲ
821 2353 880 2371 του
904 2342 984 2382 πρά-

279 2398 427 2428 γματος
462 2389 598 2421 ’‘tw‘rdl,
636 2395 699 2414 ΟΤΕ
736 2386 888 2424 ’πρῶτον
915 2395 984 2418 μεν

281 2429 498 2462 διακοσίους
538 2439 598 2457 και
634 2425 789 2467 χιλίους
825 2427 983 2456 «πεποιή-

280 2483 370 2503 κατε
394 2472 585 2504 συντελεῖς
607 2470 721 2508 ὑμεις.

323 2522 339 2542 q
356 2515 406 2545 Sie
433 2514 550 2543 scribeu
554 2514 605 2547 (,lo
629 2512 792 2550 effugimus
819 2510 984 2540 necessita

274 2563 342 2587 tem
366 2556 519 2596 quaerendi
548 2556 587 2584 de
617 2564 694 2583 auno
722 2553 890 2588 Orationis,
919 2554 984 2582 sive

278 2600 405 2638 scriptae
426 2599 527 2634 modo,
540 2597 605 2627 sive
621 2596 710 2625 etiam
725 2595 848 2624 habitae.
893 2596 985 2624 Nam-

282 2653 340 2682 que
354 2641 405 2671 id
397 2652 497 2680 ipsum
514 2621 681 2675 dubitatur,
697 2649 734 2668 an
749 2638 852 2667 habita
872 2639 931 2674 sit;
955 2643 986 2667 et.

281 2685 401 2715 merito.
452 2684 570 2713 Caussa
595 2686 695 2711 autem
720 2680 870 2720 assignari
895 2680 985 2709 debet

281 2729 405 2766 Olymp.
417 2729 488 2762 106,
503 2729 545 2761 4,
561 2725 587 2754 si
601 2723 824 2754 Demosthenes
840 2728 925 2752 recte
940 2722 984 2751 lo-

282 2775 373 2800 cutus
387 2773 445 2804 est,
462 2778 554 2807 quum
575 2767 691 2796 dixitl.
706 2777 746 2800 c..
762 2775 869 2795 annum
886 2764 984 2793 aetatis

282 2823 314 2842 se
339 2821 430 2850 agere
454 2810 624 2840 XXXIII.
667 2809 708 2838 At
731 2788 861 2847 Dionys.
883 2807 981 2836 Halic.

281 2856 341 2894 Ep.
365 2854 403 2883 ad
420 2854 585 2882 Ammaeuin
608 2853 628 2881 l.
646 2861 672 2881 c.
689 2851 866 2880 Orationem
892 2850 987 2879 refert

283 2897 427 2935 scriptam
451 2905 519 2925 esse
538 2894 724 2924 Callimacho
747 2894 837 2923 Arch.
861 2892 986 2931 Olymp.

283 2941 357 2974 107,
371 2941 402 2969 4.
447 2938 525 2974 Quae
540 2937 701 2967 diversitas
723 2936 797 2965 nihil
813 2945 868 2965 uos
883 2945 987 2964 move-

281 2986 330 3011 ret
345 2985 470 3020 propter
485 2980 574 3017 illud,
589 2979 671 3021 quod
694 2988 785 3017 supra
800 2978 839 3008 de
863 2976 987 3008 calculis

1012 1279 1153 1319 Dionysii
1166 1277 1232 1309 dixi
1246 1278 1274 1308 iu
1287 1283 1356 1308 nota
1368 1278 1389 1308 s.
1400 1288 1430 1317 p.
1441 1279 1528 1313 360„
1539 1276 1599 1306 nisi
1609 1277 1719 1306 Orator

1011 1323 1053 1352 ibi
1067 1333 1115 1351 res
1125 1327 1226 1360 gestas
1241 1325 1500 1356 commemoraret,
1510 1330 1584 1359 quas
1595 1320 1717 1349 demum

1011 1370 1081 1404 post
1097 1365 1218 1403 Olymp.
1251 1367 1320 1394 106.
1348 1368 1448 1402 gestas
1474 1363 1600 1392 historia
1621 1362 1716 1400 ponit.

1013 1409 1073 1437 Sed
1091 1408 1146 1436 hoc
1162 1407 1192 1436 in
1219 1408 1288 1436 loco
1304 1407 1380 1436 nihil
1400 1407 1528 1435 interest
1543 1415 1643 1439 nosse,
1659 1413 1718 1442 quo

1013 1461 1090 1480 anno
1124 1450 1238 1488 scripta
1276 1449 1315 1478 sit
1349 1449 1475 1479 Oratio:
1514 1449 1546 1477 id
1581 1448 1721 1481 interest,

1013 1503 1073 1531 quo
1086 1502 1162 1521 anno
1178 1493 1245 1530 ejus
1271 1501 1380 1521 caussa
1405 1491 1444 1520 sit
1461 1490 1609 1529 ponenda.
1653 1488 1720 1519 Sci-

1014 1536 1089 1564 licet
1104 1535 1168 1564 haec
1183 1535 1242 1563 duo
1256 1534 1379 1563 diversa
1396 1538 1466 1562 sunt
1482 1544 1541 1562 non
1557 1542 1675 1571 parum.

1058 1577 1223 1606 ¹''I'entavit
1255 1577 1311 1605 hoo
1336 1575 1435 1604 facere
1471 1586 1508 1604 ex
1534 1575 1621 1604 Orat.
1647 1575 1718 1603 adv.

1015 1619 1169 1658 Evergum
1187 1623 1218 1649 et
1235 1618 1441 1648 Mnesibulum
1456 1617 1578 1647 Petitus
1593 1627 1626 1655 p.
1643 1618 1717 1647 366.

1014 1661 1075 1690 Isti
1105 1666 1203 1690 tamen
1229 1665 1406 1700 argumento
1434 1671 1493 1689 non
1523 1659 1719 1694 confiderem,

1015 1704 1075 1732 nisi
1091 1703 1148 1733 alia
1162 1709 1264 1732 essent
1287 1708 1317 1732 et
1328 1704 1451 1741 majora.
1495 1702 1557 1731 Sed
1572 1702 1658 1731 loeus
1675 1707 1722 1731 est

1015 1746 1095 1784 apud
1112 1747 1223 1775 Isaeum
1239 1746 1278 1774 de
1303 1745 1446 1784 Apollod.
1463 1745 1569 1774 hered.
1587 1754 1618 1782 p.
1636 1746 1719 1780 184„

1015 1789 1066 1827 qui
1081 1789 1167 1818 locus
1192 1788 1320 1818 acutiori
1335 1787 1443 1817 lectori
1469 1791 1603 1816 nostram
1630 1786 1723 1816 ratio-

1015 1842 1084 1860 nem
1100 1830 1235 1860 nonnihil
1263 1830 1388 1860 turbare
1414 1829 1513 1868 possit
1535 1828 1643 1859 videri.
1686 1827 1720 1858 ‘0

1015 1872 1070 1912 μὲν
1084 1876 1136 1914 γὰρ
1151 1875 1246 1912 παπ-ἦς
1262 1873 1347 1902 αὐτοῦ
1365 1873 1418 1906 τάς
1433 1882 1464 1902 τε
1488 1871 1582 1905 ἄλλοις
1598 1871 1720 1905 ἁπάσας

1016 1916 1186 1955 λειτουργίας
1221 1914 1439 1953 λελῃτούργηκε,
1467 1914 1515 1943 καὶ
1551 1926 1625 1954 τξινς
1618 1916 1722 1954 αρχῶν

1016 1971 1047 1987 το
1049 1970 1061 1987 ν
1099 1959 1195 1988 πάντα
1225 1957 1318 1998 χξᾶνον
1341 1956 1504 1987 διετελεσεν·
1523 1957 1571 1985 οὐκ
1594 1955 1625 1985 ἐκ.
1642 1968 1720 1995 συμ-

1015 2012 1068 2040 ‘ung
1071 2000 1112 2036 lac,-
1127 2003 1160 2031 τὶ
1149 2012 1174 2029 νν
1189 2002 1250 2029 ναῦν
1274 2000 1479 2039 «ποιησάμενος,
1515 1999 1602 2039 ὥςπερ
1624 1998 1645 2027 οἱ
1669 2000 1722 2034 νῖῖν,

1015 2041 1083 2072 ἀλλ’
1097 2044 1128 2073 ἐκ
1155 2045 1209 2072 τῶν
1238 2044 1324 2072 αὑτοῦ
1352 2043 1497 2072 δαπανῶν·
1518 2041 1573 2070 οὐδὲ
1604 2041 1723 2081 δευτερος

1017 2085 1101 2120 αῗτὲς
1130 2086 1175 2121 ἄν,
1200 2086 1279 2115 ἀλλὰ,
1301 2085 1480 2124 καταμίνας·
1513 2083 1570 2113 οὐδὲ
1599 2083 1643 2112 δύο
1674 2083 1722 2113 ἔτη

1017 2128 1163 2162 διαλιπών,
1178 2129 1256 2157 ἀλλὰ
1272 2130 1396 2167 συνεχῶς
1420 2139 1448 2156 κ.
1463 2139 1492 2155 τ.
1510 2133 1539 2155 λ.
1593 2126 1642 2154 Ita
1657 2126 1685 2155 h.
1699 2126 1721 2154 l.

1018 2171 1248 2208 symmoriarum
1272 2171 1347 2199 ordo
1370 2175 1563 2203 memoratur,
1577 2172 1718 2207 tanquam

1017 2222 1113 2252 nuper
1129 2213 1297 2242 institutus.
1340 2212 1413 2240 Isaei
1437 2217 1536 2240 autem
1553 2216 1626 2239 aetas
1640 2211 1723 2250 paul-

1017 2255 1047 2283 lo
1065 2255 1203 2293 superior
1218 2259 1277 2291 est,
1298 2254 1410 2293 quippe
1433 2265 1521 2292 quem
1541 2253 1721 2282 Demosthe-

1017 2298 1064 2326 nis
1089 2298 1267 2336 magistrum
1293 2297 1388 2326 fuisse
1409 2297 1541 2326 tradunt.
1588 2296 1720 2325 Univer-

1019 2350 1051 2369 se
1078 2340 1187 2378 aliquis
1210 2340 1406 2378 respondeat,
1441 2344 1471 2368 et
1501 2338 1585 2368 illius
1621 2338 1722 2367 Orati-

1019 2382 1098 2418 onis,
1128 2386 1159 2411 et
1187 2382 1312 2412 aliarum
1347 2382 1542 2420 plurimarum
1583 2381 1720 2418 ejusdem
1751 2412 1754 2415 ,

1019 2425 1165 2458 auctoris,
1183 2425 1274 2454 dubia
1289 2429 1319 2454 et
1342 2425 1458 2453 incerta
1483 2429 1622 2462 tempora
1644 2432 1724 2452 esse.

1019 2468 1079 2496 Sed
1106 2467 1213 2496 melior
1233 2467 1392 2506 responsio
1406 2471 1511 2504 parata
1535 2470 1581 2494 est
1611 2474 1649 2493 ex
1674 2475 1722 2497 eo,

1019 2510 1100 2548 quod
1118 2510 1205 2548 plura
1227 2510 1316 2538 fidem
1343 2509 1468 2543 faciunt,
1493 2509 1603 2537 Isaeum
1625 2507 1722 2536 adhuc

1019 2552 1127 2591 primis
1148 2551 1234 2581 annis
1259 2551 1391 2590 Philippi
1419 2549 1584 2589 regnantis,
1615 2549 1646 2577 id
1675 2554 1723 2578 est

1021 2594 1144 2633 Olymp.
1170 2595 1255 2629 105„
1269 2605 1328 2623 nun
1351 2593 1441 2623 modo
1464 2591 1659 2630 superstitem
1675 2591 1721 2620 fu-

1019 2636 1096 2671 isse,
1121 2636 1172 2665 sed
1197 2641 1227 2665 et
1254 2635 1372 2665 caussis
1400 2634 1568 2664 scribendi-s
1600 2643 1722 2671 operam

1020 2679 1155 2708 dedisse.
1200 2678 1272 2707 Vid.
1298 2677 1411 2707 Iouesii
1441 2677 1515 2705 Not.
1537 2677 1575 2705 ad
1608 2677 1721 2705 Isaeum

1020 2722 1139 2760 anglice
1155 2720 1331 2749 translatum
1355 2730 1386 2758 p.
1417 2720 1491 2748 162.
1522 2728 1586 2757 seq
1631 2718 1720 2748 Alter

1019 2763 1106 2792 locus
1121 2773 1161 2792 ex
1179 2762 1340 2792 Demosth.
1355 2761 1425 2790 adv.
1440 2759 1604 2790 Boeotum
1595 2771 1625 2789 1u
1639 2771 1722 2789 men-

1020 2810 1080 2835 tem
1097 2805 1240 2840 recurrit,
1254 2809 1321 2834 ante
1337 2803 1475 2842 prolatus
1491 2803 1567 2832 ille·
1557 2814 1588 2832 ln
1607 2808 1677 2832 nota
1695 2813 1720 2832 s,

1021 2859 1051 2886 p.
1068 2849 1155 2882 373„
1170 2847 1221 2896 qui
1238 2851 1269 2876 et
1291 2847 1359 2889 ipse
1374 2846 1539 2875 ostensione
1555 2855 1613 2874 uon
1628 2849 1722 2875 caret.

1020 2892 1099 2920 Nam
1110 2890 1137 2919 si
1153 2890 1220 2928 quis
1236 2891 1353 2928 premat
1367 2888 1544 2927 particulam
1560 2887 1721 2926 disjuncti-

1022 2932 1127 2967 vamfi,
1143 2938 1208 2967 aut,
1223 2931 1311 2961 facile
1330 2931 1400 2960 inde
1416 2931 1553 2966 extricet,
1564 2934 1627 2959 tum
1643 2934 1720 2958 tem—

1021 2975 1105 3015 poris
1133 2974 1281 3004 nihildum
1306 2973 1478 3013 symmoriis
1503 2981 1661 3003 commuue
1677 2971 1722 3001 su-
