1928 3284
738 220 858 263 PRO
868 219 1223 261 LEGOMENA.
1603 195 1713 254 369

247 327 422 378 publica,
445 329 476 366 si
495 342 610 367 unum
628 342 749 379 genus
768 329 941 372 tollatur,
963 339 1078 378 quani
1101 327 1130 363 si
1146 325 1287 362 omnia.
1330 325 1507 372 Denique
1532 319 1713 370 Reipubl.

244 389 283 427 id
301 390 429 440 ipsu·
448 391 621 441 expedit,
642 391 716 428 alia
736 391 820 428 aliis
849 391 1006 441 praemia
1037 387 1242 439 proposita
1262 398 1361 430 esse,
1384 392 1422 421 ut
1445 382 1652 421 virtutibus
1672 386 1712 417 ct

246 450 446 490 beneficiis
477 453 619 491 civium
652 453 777 490 minus
808 451 1038 503 splendidis,
1071 449 1202 500 qualia
1233 448 1291 485 vei
1323 445 1564 497 optatissima
1596 442 1709 480 nobis

242 526 327 551 esse
346 514 507 560 debent,
525 527 593 551 sua
611 527 760 552 merces
781 528 828 552 ne
845 513 984 552 desit.''

297 580 320 596 “
342 575 573 626 Captiosum
594 583 713 626 atque
734 577 916 627 Sophista
939 575 1098 626 dignum
1120 580 1177 611 est
1198 576 1480 623 argumentum,
1503 579 1582 617 quo
1603 565 1709 602 litur-

240 637 314 688 giae
346 638 525 676 solennes
555 651 643 677 cum
678 639 900 676 muneribus
931 637 1050 676 sacris
1080 634 1391 674 confunduntur.
1448 630 1547 668 Nam
1574 627 1706 665 harum

237 711 362 737 rerum
384 699 573 739 diversam
603 715 688 739 esse
719 701 922 744 rationem,
944 700 1072 751 palam
1100 704 1180 736 est:
1217 697 1336 735 immo
1365 708 1413 733 ex
1439 691 1619 731 universo
1650 694 1707 725 te-

238 773 332 800 nore
355 761 448 813 legis
463 763 512 800 ad
535 763 730 813 liquidum
747 764 1051 812 confessumque
1073 759 1236 812 perduci
1253 762 1398 808 potest,
1413 754 1614 805 Leptinen}
1634 750 1707 787 hoc

235 822 425 874 proferre,
446 837 522 863 nou
540 825 631 876 quia
653 825 692 863 id
714 838 845 863 verum
866 831 990 876 putet,
1013 823 1079 862 sed
1102 822 1150 860 ad
1172 827 1337 872 tempuS,
1353 824 1391 856 et
1413 823 1454 856 ut
1475 814 1628 854 nomine
1650 824 1707 850 re-

237 884 390 935 ligionis
408 887 665 937 praetexendo
680 886 878 937 judicium
899 886 1044 924 sanat.’'

291 947 362 986 His
390 948 563 999 quidem,
586 962 673 999 quae
695 949 747 987 ita
779 962 800 986 a
824 962 883 986 me
903 949 1096 986 collocata
1117 951 1222 988 sunt,
1247 949 1289 981 ut
1309 942 1458 982 facilius
1480 952 1566 978 cum
1589 936 1705 975 ratio-

237 1009 352 1046 nibus
369 1009 595 1055 adversarii,
618 1010 759 1060 quibus
780 1009 955 1061 quidque
976 1007 1203 1059 respondet,
1218 1004 1437 1056 comparari
1458 1001 1623 1054 possint,
1647 998 1705 1035 his

236 1070 354 1121 igitur
375 1071 660 1109 Demosthenes
689 1072 800 1122 plura
820 1079 858 1109 et
887 1071 935 1109 ad
969 1069 1282 1121 persuadendum
1313 1064 1487 1118 potentia
1512 1067 1703 1101 momenta

237 1132 463 1183 interponit,
484 1133 630 1182 exjure
650 1134 782 1171 Attico
805 1133 884 1171 sere
907 1133 1043 1183 petita,
1065 1138 1107 1170 ut
1129 1131 1237 1168 ha‘c:

290 1201 312 1214 ··
337 1194 487 1232 Vitiosa
507 1202 564 1232 est
589 1195 776 1245 Leptinen
803 1195 862 1232 tex
884 1195 1051 1246 primum
1084 1194 1184 1237 ideo,
1208 1191 1314 1243 quod
1343 1195 1483 1228 auctor
1511 1187 1547 1224 in
1570 1199 1614 1223 ea
1642 1198 1703 1221 ro-

235 1254 361 1306 ganda
385 1256 510 1306 legum
534 1270 718 1294 novarum
741 1257 789 1295 ad
814 1257 1007 1307 Populum
1031 1254 1278 1293 ferendarum
1307 1251 1493 1290 formulas
1515 1247 1704 1298 iegitimas

236 1323 275 1354 et
295 1318 571 1368 praescriptum
587 1319 655 1367 jus
677 1319 855 1369 migravit
874 1320 904 1358 :''

289 1387 313 1398 ⁴·
335 1379 535 1424 Secundo,
570 1380 675 1431 quod
705 1381 763 1418 vel
798 1380 1003 1418 manifesto
1038 1384 1230 1429 repugnat
1261 1375 1431 1426 receptis
1460 1372 1623 1423 legibus,
1645 1369 1704 1408 vel

234 1446 341 1478 certe
375 1441 579 1479 sententiae
616 1455 748 1480 earum
775 1450 811 1480 et
847 1442 1024 1481 consilio.
1083 1438 1322 1489 Hujusmodi
1355 1450 1389 1474 v.
1411 1450 1446 1475 c.
1479 1441 1581 1480 sunt,
1613 1445 1700 1484 quae

234 1501 460 1540 sanciuntur
479 1503 528 1540 de
549 1516 664 1553 poena
686 1503 894 1554 irroganda
913 1504 962 1549 ei,
979 1502 1046 1552 qui
1064 1501 1137 1539 sibi
1155 1500 1359 1551 praemium
1380 1497 1526 1549 petat.'’

285 1572 309 1584 ⁴⁶
332 1564 460 1602 Etiam
489 1577 536 1602 ex
557 1564 631 1603 alia
652 1572 762 1616 parte
786 1566 847 1603 lex
877 1565 1013 1603 vitiosa
1035 1570 1094 1602 est
1123 1563 1162 1601 in
1190 1563 1278 1608 hoc,
1308 1560 1416 1612 quod
1439 1556 1642 1597 Harmodii
1663 1561 1702 1594 et

230 1626 508 1677 Aristogitonis
532 1628 758 1678 progeniem
792 1627 949 1678 excipit.
1008 1627 1181 1677 Oportet
1202 1625 1302 1663 enim
1325 1626 1463 1674 legem,
1484 1618 1700 1671 praesertim

229 1688 344 1726 latam
377 1689 414 1726 in
445 1689 565 1727 libera
587 1689 770 1735 Civitate,
798 1702 913 1738 aequa
944 1687 1171 1727 conditione
1191 1687 1241 1725 de
1267 1685 1371 1724 omni
1404 1684 1490 1722 cive
1518 1688 1700 1727 statuere,

229 1762 302 1787 nec
334 1764 446 1788 secus
473 1757 600 1788 vetera
630 1758 698 1789 aut
731 1751 943 1801 praeterita,
974 1755 1091 1800 atque
1125 1762 1226 1787 nova
1253 1753 1320 1785 aut
1351 1748 1482 1784 sutura
1506 1744 1701 1794 judicare.

233 1811 282 1849 Et
298 1812 386 1861 quis
404 1813 502 1850 hunc
521 1812 764 1862 Reipublicae
784 1819 925 1850 nostrae
947 1811 1146 1850 fortunam
1167 1811 1266 1849 adeo
1287 1808 1466 1848 stabilem
1488 1805 1700 1857 propriam-

231 1888 307 1925 que
327 1881 486 1925 praestet
508 1873 691 1919 suturam,
715 1880 756 1912 ut
777 1887 977 1924 nunquam
1001 1873 1209 1924 quisquam
1231 1871 1370 1910 eadem
1392 1869 1465 1907 sibi
1484 1869 1700 1919 deposcere

230 1945 363 1988 queat,
387 1950 474 1987 qua·
495 1936 650 1973 duobus
673 1936 746 1974 inis
768 1937 858 1974 olim
879 1937 973 1975 data
991 1937 1126 1975 suntT'

284 2006 308 2020 “
325 1999 401 2037 Sed
426 1998 603 2035 nimirum
624 1998 794 2035 habebat
813 1997 931 2036 factio
952 1996 1185 2040 adversaria,
1207 2009 1276 2034 cur
1294 1996 1406 2033 taient
1429 1994 1550 2043 legem
1570 1992 1698 2030 serret-

231 2062 395 2099 Exercet
423 2073 467 2097 ea
489 2059 703 2097 simultates
725 2072 812 2097 cum
840 2059 1017 2110 pluribus
1038 2073 1086 2097 ex
1110 2071 1274 2096 numero
1296 2055 1536 2099 immunium,
1559 2054 1697 2103 hisque

229 2122 390 2174 praemia
411 2135 478 2159 sua
495 2128 672 2172 ereptum
697 2121 788 2159 ibat.
842 2123 893 2159 At
915 2128 1026 2172 turpe
1043 2128 1115 2166 est,
1137 2127 1178 2158 ut
1199 2119 1370 2170 privatas
1391 2117 1551 2167 injurias
1568 2128 1697 2166 perse-

230 2197 363 2235 quare,
383 2183 617 2222 auctoritate
640 2183 801 2234 publica
828 2184 952 2229 abuti,
975 2191 1012 2222 et
1037 2183 1195 2221 inimico
1219 2188 1286 2220 tuo
1308 2182 1391 2232 lege
1407 2181 1568 2230 eripere,
1590 2178 1696 2229 quod

230 2245 484 2284 accusatione
504 2253 541 2283 et
562 2244 719 2294 judicio
740 2244 913 2284 conflato
934 2245 1085 2296 eripere
1104 2258 1181 2282 non
1204 2244 1386 2282 audeas.’'

284 2313 308 2328 “
330 2307 505 2358 Syudici‚
524 2320 622 2357 quos
638 2307 812 2357 Populus
826 2307 969 2359 delegit
988 2308 1060 2359 legi
1078 2307 1278 2358 Leptineae
1300 2305 1540 2349 defensores,
1556 2303 1694 2354 partim

232 2370 403 2421 suspecti
432 2375 534 2415 sunt,
554 2369 692 2420 partim
714 2369 916 2419 rejiciendi
940 2377 1159 2421 propterea,
1181 2369 1286 2420 quod
1320 2369 1421 2407 idem
1444 2367 1694 2406 ministerium

231 2432 281 2469 illi
297 2433 380 2481 jam
403 2438 492 2468 ante
514 2431 551 2468 in
573 2430 657 2468 aliis
674 2432 822 2469 caussis
845 2432 1056 2470 fecerunt.”
1157 2430 1158 2434 ’

284 2498 308 2515 “
331 2492 586 2544 Antiquanda
609 2492 725 2542 igitur
748 2493 806 2531 lex
832 2495 1017 2545 Leptinis,
1039 2502 1077 2532 et
1098 2494 1136 2532 in
1157 2494 1242 2544 ejus
1271 2494 1398 2531 locum
1425 2488 1696 2529 substituenda

229 2555 328 2599 tatis,
350 2567 439 2605 quae
462 2561 542 2592 tum
571 2555 738 2605 receptis
762 2555 916 2605 iegibus
938 2569 1015 2594 non
1038 2562 1242 2606 repugnet,
1264 2562 1343 2593 tum
1369 2555 1479 2591 bonae
1498 2552 1610 2590 saman
1632 2550 1696 2587 Ci-

230 2616 357 2655 vitatis
378 2622 521 2654 nostrae
553 2616 745 2658 consulat,
767 2623 849 2656 tum
872 2617 1144 2664 incommodis,
1172 2618 1200 2655 si
1223 2631 1298 2668 qua
1321 2631 1366 2655 ex
1388 2613 1695 2653 immunitatibus

229 2686 312 2718 orta
329 2685 431 2724 sunt,
453 2678 665 2716 medeatur‘
684 2680 784 2717 etc.''

284 2741 385 2778 Satis
417 2739 583 2777 diximus
603 2739 651 2777 de
672 2748 902 2790 argumento
933 2743 1134 2781 Orationis
1163 2749 1201 2779 et
1223 2747 1326 2778 statu
1354 2752 1528 2777 caussae:
1562 2738 1694 2788 itaque

274 2839 287 2854 Ε
307 2835 551 2864 ῡοπιοιίὴοηίεπ·
575 2835 664 2870 tegi«,
690 2846 757 2874 qnoe
789 2837 946 2876 Leptim-a·
981 2837 1089 2876 δωρεάς,
1111 2836 1179 2869 ἴσας
1212 2835 1222 2863 ὅ
1252 2835 1349 2872 Δῖμος
1383 2833 1475 2868 ihm,
1502 2832 1594 2872 κυρίας
1628 2831 1694 2862 εἶναι

231 2877 408 2917 opponitur,
425 2888 478 2906 nec
498 2879 590 2907 verb·
607 2882 757 2913 tenemus,
775 2890 829 2908 nec
852 2885 945 2909 totam
981 2891 1008 2909 κ.
1034 2892 1062 2908 τ.
1087 2885 1115 2908 λ.
1161 2880 1201 2909 At
1223 2884 1330 2907 amtor
1355 2877 1469 2906 indicat
1494 2877 1572 2915 ipse,
1603 2877 1695 2906 verb·

230 2920 421 2950 sententium.
467 2920 586 2950 Petitu-
597 2921 721 2959 quidem
743 2922 772 2951 in
801 2923 863 2952 hh.
882 2924 948 2952 ΛΑ.
982 2923 1059 2962 legis
1083 2933 1100 2951 n
1123 2932 1155 2951 ne
1181 2931 1237 2949 non
1263 2920 1338 2949 dari.
1398 2919 1522 2958 Quippe
1545 2919 1590 2948 aie
1616 2929 1695 2958 pru·-

231 2975 262 3003 p.
278 2964 350 2993 382.
367 2963 431 2992 turc
453 2964 547 2992 verb·
563 2963 678 3002 posuit,
705 2975 774 3003 qum
801 2965 830 2995 in
849 2968 946 3003 Argu·
983 2966 1081 2994 t'ntur:
1104 2964 1136 2994 τί
1151 2966 1204 3003 7³2
1222 2964 1234 2993 ὅ
1251 2961 1442 3003 Δημοσθένους
1463 2960 1631 2992 Cadmum
1656 2961 1693 2992 ri-

232 3012 337 3036 mento
363 3006 473 3034 Gra-en
507 3007 656 3045 Anonymi
681 3007 833 3045 leguntur.
889 3010 950 3040 Τὰς
982 3018 1055 3045 μες;

282 3066 415 3086 vonit.
996 3060 1050 3086 ftn
