1928 3284
197 198 304 246 130
552 187 1254 247 ,ΔΗΜΟΣΘΕΝΟὙΣ-

309 316 432 360 μένους
447 318 502 350 καὶ
516 317 693 358 θύσαντας
714 320 786 357 τοῖς
800 319 891 357 θεοῖς
918 318 973 350 καὶ
989 318 1092 362 ἣρωσι
1115 320 1186 357 τοῖς
1209 317 1387 362 κατέχουσι
1403 320 1468 358 τὴν
1485 318 1588 352 πόλιν
1604 321 1658 351 καὶ

313 366 379 404 τὴν
395 363 510 409 χώραν
526 367 595 398 τῶν
607 364 811 405 Ἀθηναίων,
828 366 882 397 καὶ
895 364 1147 408 ἐνθυμηθέντας
1163 368 1225 405 τῆς
1241 368 1310 398 τῶν
1328 365 1506 409 προγόνων
1523 366 1658 408 ἀρετῆς,

313 410 396 444 διότι
413 413 488 456 περὶ
504 412 660 451 πλείονος
673 412 847 444 ἐποιοῦντο
872 413 938 451 τὴν
959 413 1028 444 τῶν
1042 412 1221 452 Ἑλλήνων
1237 413 1429 456 ἐλευθερίαν
1450 411 1617 455 διατηρεῖν
1633 415 1655 453 ἢ
1683 415 1763 450 290

313 460 380 498 τὴν
396 458 483 493 ἰδίαν
499 459 655 503 πατρίδα,
679 458 848 497 διακοσίας
871 460 956 497 ναῦς
971 458 1141 492 καθέλκειν
1158 459 1203 498 εἰς
1226 461 1292 500 τὴν
1305 458 1498 498 θάλατταν,
1520 460 1575 491 καὶ
1597 461 1658 492 τὸν

314 505 491 549 ναύαρχον
507 505 679 539 ἀναπλεῖν
696 507 792 544 ε’ντὸς
809 506 947 547 Πυλῶν,
972 507 1027 538 καὶ
1042 507 1103 539 τὸν
1119 508 1311 550 στρατηγὸν
1327 507 1381 539 καὶ
1398 507 1459 538 τὸν
1475 504 1659 549 ἵππαρχον

317 553 380 591 τὰς
394 554 500 591 πεζὰς
515 554 570 585 καὶ
582 553 644 591 τὰς
657 553 801 591 ἱππικὰς
815 551 972 596 δυνάμεις
996 552 1226 586 1Ἐλευσῖνάδε
1251 552 1393 596 ἐξάγειν·
1411 552 1543 596 πέμψαι
1558 552 1590 585 δὲ
1606 555 1661 585 καὶ

318 598 473 642 πρέςβεις
489 601 574 644 πρὸς
590 601 668 638 τοὺς
684 598 1010 640 ἄλλους’Ἐλληνας,
1026 603 1161 644 πρῶτον
1177 599 1209 632 δὲ
1226 599 1369 633 πάντων
1390 601 1475 643 πρὸς
1491 600 1661 641 Θηβαίους

318 645 372 677 διὰ,
388 647 426 678 τὸ
449 646 622 689 ἐγγυτάτω
643 643 731 679 εἶναι
747 648 808 679 τὸν
830 647 1005 679 Φίλιππον
1020 649 1083 687 τῆς
1098 647 1232 680 ἐκείνων
1255 647 1380 689 χώρας·
1398 647 1610 690 παρακαλεῖν
1634 646 1660 678 δ’

316 692 453 732 αὐτούς,
467 692 572 736 μηδὲν
593 692 878 737 καταπλαγέντας
893 695 954 726 τὸν
967 694 1142 726 Φίλιππον
1158 692 1362 735 ἀντέχεσθαι
1385 697 1447 733 τῆς
1463 693 1592 725 ἑαυτῶν
1607 694 1662 725 καὶ

320 742 383 778 τῆς
406 742 474 772 τῶν
493 740 611 772 ἄλλων
630 740 810 780 Ἑλλήνων
834 741 1034 784 ἐλευθερίας.
1052 741 1107 772 καὶ
1123 740 1175 772 ὅτι
1196 740 1213 772 ὁ
1225 739 1420 779 Ἀθηναίων
1436 739 1550 783 δῆμος,
1567 739 1663 773 οὐδὲν

317 787 534 828 μνησικακῶν
552 787 577 818 εί
591 799 624 819 τι
637 787 800 831 πρότερον
812 786 953 830 γέγονεν
968 787 1152 830 ἀλλότριον
1167 789 1242 825 ταῖς
1259 787 1378 819 πόλεσι
1394 788 1481 829 πρὸς
1493 787 1663 827 ἀλλήλας,

317 833 483 873 βοηθήσει
499 834 553 865 καὶ
570 833 729 877 δυνάμεσι
746 835 800 866 καὶ
816 834 965 877 χρήμασι
981 835 1036 866 καὶ
1049 833 1164 875 βέλεσι
1181 834 1236 865 καὶ
1251 833 1383 873 ὅπλοις,
1400 833 1491 871 εἰδὼς
1515 832 1589 865 2ὅτι
1605 833 1664 865 αὐ-

318 882 389 917 τοῖς
403 881 464 922 μὲν
481 880 567 921 πρὸς
577 880 752 920 ἀλλήλους
769 880 1021 924 διαμφιςβητεῖν
1034 881 1109 924 περὶ
1125 882 1188 919 τῆς
1201 880 1393 923 ἡγεμονίας,
1404 876 1665 920 οὗσιν“Έλλησι,

319 925 437 965 καλόν,
451 927 519 959 ὑπὸ
537 926 563 958 δ’
579 926 775 969 ἀλλοφύλου
792 926 976 970 ἀνθρώπου
990 928 1156 970 ἄρχεσθαι
1172 928 1227 959 καὶ
1248 928 1311 966 τῆς
1324 926 1505 969 ἡγεμονίας
1520 926 1666 959 ἀποστε-

319 975 451 1015 ρεῖσθαι
466 971 607 1009 ἀνάξιον
624 970 711 1006 εἶναι
724 974 778 1006 καὶ
790 976 854 1013 τῆς
869 977 938 1006 τῶν
951 973 1130 1012 Ἑλλήνων
1146 972 1246 1013 δόξης
1259 974 1313 1005 καὶ
1326 976 1388 1013 τῆς
1405 977 1473 1006 τῶν
1486 973 1666 1016 προγόνων

320 1019 453 1062 ἀρετῆς.
478 1020 527 1052 ἔτι
546 1019 573 1051 δ’
593 1019 661 1052 οὐδ’
685 1020 867 1064 ἀλλότριον
890 1020 1021 1064 ἡγεῖται
1035 1016 1124 1054 εἶναι
1144 1019 1373 1060 ὁἈΘηναίων
1388 1019 1493 1062 δῆμος
1516 1020 1577 1052 τὸν
1600 1024 1667 1059 Θη-

318 1066 428 1106 βαίων
441 1065 561 1110 δῆμον,
578 1066 651 1098 οὔτε
668 1069 712 1110 τῇ
727 1068 906 1111 συγγενείᾳ
923 1069 997 1100 οὔτε
1011 1070 1060 1109 τῷ
1072 1066 1240 1110 ὁμοφύλῳ.
1257 1067 1547 1110 ἀναμιμνήσκεται
1563 1065 1595 1098 δὲ
1611 1068 1667 1099 καὶ

321 1114 384 1151 τὰς
407 1115 476 1145 τῶν
495 1113 674 1155 προγόνων
688 1116 756 1147 τῶν
772 1115 892 1146 ἑαυτοῦ
915 1114 960 1152 εἰς
978 1115 1055 1151 τοὺς
1070 1114 1231 1155 Θηβαίων
1255 1114 1445 1156 προγόνους
1466 1113 1667 1156 εὐεργεσίας·

320 1160 376 1191 καὶ
398 1161 463 1203 γὰρ
479 1161 558 1198 τοὺς
570 1159 774 1203 “Ηρακλέους
795 1160 932 1198 παῖδας,
949 1160 1258 1203 ἀποστερουμένους
1272 1160 1341 1192 ὑπὸ
1361 1163 1429 1192 τῶν
1446 1160 1670 1199 Πελοποννη-

322 1206 404 1238 σίων
428 1209 490 1245 τῆς
520 1205 683 1249 πατρῴας
709 1207 833 1249 ἀρχῆς,
862 1206 1070 1249 κατήγαγον,
1098 1210 1169 1244 τοῖς
1190 1206 1310 1244 ὅπλοις
1335 1206 1564 1249 κρατήσαντες
1590 1208 1670 1245 τοὺς

320 1252 533 1294 ἀντιβαίνειν
548 1252 771 1296 πειρωμένους
787 1255 858 1291 τοῖς
877 1252 1081 1296 Ἡρακλέους
1106 1252 1270 1295 ἐγγόνοις,
1288 1253 1342 1284 καὶ
1358 1253 1419 1284 τὸν
1436 1251 1599 1285 Οἰδίπουν
1614 1254 1669 1285 καὶ

319 1300 398 1337 τοὺς
409 1299 479 1342 μετ’
489 1299 614 1332 ἐκείνου
629 1299 834 1338 ἐκπεσόντας
845 1299 1085 1342 ὑπεδεξάμεθα,
1098 1301 1152 1332 καὶ
1165 1299 1259 1343 ἕτερα
1273 1300 1388 1331 πολλὰ
1401 1299 1415 1318 ³
1427 1299 1508 1342 ἥμιν
1521 1299 1667 1343 ὑπάρχει

318 1345 541 1389 φιλάνθρωπα
558 1347 613 1379 καὶ
637 1345 756 1382 ἔνδοξα
773 1347 858 1389 πρὸς
882 1347 1062 1388 θηβαίους.
1085 1346 1198 1390 διόπερ
1220 1346 1293 1377 οὐδὲ
1316 1348 1380 1378 νῦν
1395 1345 1627 1386 ἀποστήσεται
1649 1346 1666 1379 ὁ
1694 1340 1771 1375 291

318 1391 517 1432 Ἀθηναίων
534 1393 639 1436 δῆμος
651 1396 720 1425 τῶν
734 1394 897 1434 Θηβαίοις
911 1405 944 1425 τε
961 1394 1015 1425 καὶ
1028 1396 1097 1430 τοῖς
1114 1392 1405 1432 ἄλλοις”Ἐλλησιν
1419 1393 1667 1436 συμφερόντων.

322 1439 510 1472 Συνθέσθαι
539 1439 571 1471 δὲ
598 1441 683 1482 πρὸς
699 1440 823 1478 αὐτοὺς
848 1442 901 1472 καὶ
928 1441 1137 1482 συμμαχίαν,
1161 1440 1215 1471 καὶ
1241 1439 1426 1482 ἐπιγαμίαν
1449 1439 1668 1482 ποιήσασθαι,

321 1487 376 1517 καὶ
391 1486 508 1530 ὅρκους
522 1485 637 1520 δοῦναι
653 1487 708 1519 καὶ
719 1487 854 1528 λαβεῖν.
901 1486 1059 1530 Πρὲςβεις
1076 1485 1295 1530 Δημοσθένης
1309 1485 1546 1529 Δημοσθένους
1563 1490 1671 1519 Παια-

420 1591 429 1610 ¹
445 1587 617 1620 Ἐλευσίναδε
906 1590 919 1610 2
933 1588 992 1629 [ὅτι
1008 1589 1071 1630 καὶ]
1360 1589 1374 1609 ³
1389 1589 1456 1629 ἡμῖν

246 1690 469 1732 Ἐνθυμηθεῖσι]
486 1690 552 1731 [Ita
563 1690 666 1730 Tayl.]
692 1690 922 1731 Ενθυμηθέν-

208 1746 274 1768 τας
300 1734 439 1764 Lambin.
471 1732 781 1774 ἀναμνησθέντας,
814 1739 846 1764 et
877 1733 923 1765 ἐν·

209 1777 300 1817 θυμη
312 1776 409 1808 Θεία-η
422 1789 434 1811 ς
457 1777 521 1812 alii,
542 1779 634 1816 juxta
648 1777 743 1808 istum
760 1778 921 1807 hominem.

1000 1690 1053 1720 Καὶ
1070 1689 1116 1720 τὸν
1130 1690 1274 1731 offilo-ow]
1299 1690 1397 1719 Miror
1417 1690 1476 1719 hoc
1489 1700 1671 1721 commemo-

958 1734 1031 1768 rari,
1055 1744 1124 1763 cum
1143 1734 1279 1772 OEdipus
1303 1733 1409 1772 probri
1433 1733 1502 1762 loco
1517 1734 1671 1763 Thebanis

958 1777 1048 1816 objici
1068 1778 1173 1807 soleat.
1220 1776 1308 1806 Unde
1334 1776 1560 1816 Epaminondas
1583 1777 1671 1806 illum

212 1821 301 1855 Vide,
318 1831 385 1860 quae
402 1820 540 1850 diximus
564 1820 601 1849 ad
626 1820 748 1850 initium
767 1821 924 1850 Orationis

209 1863 427 1894 Demosthenis
443 1875 485 1893 w.
501 1863 689 1904 Παξαπρεσβ.
714 1864 819 1893 IDEM.

252 1906 304 1936 Καὶ
317 1906 362 1936 τᾶν
373 1905 533 1948 στςατηγόν
546 1906 595 1936 καῖ
610 1906 655 1936 τᾶν
665 1906 836 1948 ἵππαρχον]
861 1907 925 1936 De·

210 1955 280 1980 sunt
296 1949 326 1979 in
338 1950 486 1980 Lindenb.
510 1950 588 1980 Cod.
602 1950 678 1980 Ven.
695 1950 820 1989 pariter,
838 1950 924 1989 quasi

210 1993 283 2023 olim
308 1993 339 2022 iu
362 2003 398 2023 eo
422 1993 569 2022 deessent
589 2003 721 2032 quoqne,
745 1993 841 2032 legit:
865 1993 925 2022 καὶ

210 2038 265 2069 τὰς
281 2035 378 2075 πεζὰς
393 2036 441 2065 καῖ
464 2038 519 2069 τὰς
540 2036 663 2070 ἱππικὰς
686 2036 816 2077 δυνάμεις
832 2035 925 2066 Ἐλευ-

211 2076 303 2108 cim&
319 2077 435 2117 ἐξάγειν.
459 2079 500 2108 ID
508 2089 565 2107 EM.

243 2119 406 2162 “Ὀτι]“οτι
417 2121 477 2155 καὶ,
489 2121 657 2162 [itaTayh]
669 2131 736 2159 quae
746 2121 865 2151 Reiske
877 2131 924 2151 se-

210 2164 315 2200 clusit,
330 2164 588 2194 constructionem
605 2168 637 2194 et
653 2174 775 2194 sensum
790 2165 924 2194 turbant.

213 2207 305 2237 Certe
327 2207 375 2237 καὶ
392 2207 555 2237 insititiam
575 2206 695 2245 judico.
720 2207 925 2238 WUNDERL.

257 2248 417 2291 Συγγενείᾳ]
443 2249 604 2290 Εὖγενείᾳ
620 2251 697 2290 Reg‘.
707 2261 737 2288 γ.
761 2250 853 2286 Quod
864 2261 925 2280 am·

214 2293 346 2333 plector.
390 2295 470 2323 Nam
486 2293 563 2323 illud
580 2294 709 2323 alterum
728 2293 778 2323 vix
794 2294 858 2323 fere
879 2294 926 2323 di-

213 2341 274 2367 stat
296 2337 334 2365 ab
358 2347 407 2373 eo,
430 2337 512 2375 quod
537 2337 687 2375 sequitur,
712 2346 755 2366 sc.
780 2336 926 2377 ὁμοφύλῳ.

213 2380 256 2411 Et
277 2379 467 2410 notissimum
490 2384 549 2415 est,
565 2380 727 2409 Thebanos
746 2390 815 2409 cum
832 2380 926 2409 Athe-

212 2422 368 2453 niensibus
379 2423 419 2453 de
435 2423 616 2462 antiquitate
631 2423 751 2461 generis
771 2428 802 2452 et
816 2423 926 2453 nobili-

211 2470 276 2496 tate
292 2465 461 2496 decertare.
505 2466 735 2496 Autoehthones
758 2466 838 2495 enim
862 2467 926 2506 glo-

214 2509 372 2539 riabantur
385 2519 456 2539 esse
467 2513 498 2539 et
512 2509 647 2538 Thebani
664 2514 694 2538 et
709 2508 925 2545 Athenienses,

216 2557 250 2581 ut
271 2557 393 2582 constat
408 2563 446 2582 ex
464 2552 572 2587 Suida,
592 2562 609 2581 a
629 2563 676 2581 me
700 2553 860 2581 emendato
887 2553 925 2582 ad

215 2595 393 2633 Leptineam
409 2606 479 2635 pag.
497 2597 571 2626 489.
593 2597 643 2625 10.
669 2596 707 2624 R.
732 2605 763 2634 p.
788 2596 878 2627 421.
894 2598 925 2625 7.

213 2639 252 2668 T.
280 2638 437 2668 Timon.

256 2681 309 2709 Καὶ
339 2683 393 2721 73⁶3
420 2682 483 2715 τοὺς
503 2679 670 2722 Ἡρακλέους
694 2679 816 2720 παῖδας]
853 2682 925 2710 Hoc

212 2721 280 2751 solos
294 2722 497 2754 Athenienses
512 2724 614 2754 facere
636 2733 727 2753 ausos
749 2723 858 2758 fuisse,
881 2723 926 2754 διὰ

215 2766 265 2794 τὴν
289 2765 415 2805 ἔμφυτον
430 2768 524 2800 αὐτοῖς
546 2765 705 2804 ἐπιείκειαν,
721 2766 830 2796 scribit
849 2767 924 2797 Dio-

215 2807 319 2844 dorus,
336 2810 390 2837 lv.
408 2812 460 2841 57.
489 2812 607 2839 Srocx.

255 2848 402 2891 Ἐγγόνοις]
420 2851 588 2890 Ἐκγόνοις
598 2853 689 2882 MSS.
704 2852 791 2882 [sind.
804 2857 834 2882 et
843 2852 922 2891 Reg.

211 2902 235 2922 ε.
267 2894 454 2924 Caeterorum
480 2896 558 2925 enim
590 2896 730 2935 plerique
755 2906 862 2925 omnes
893 2897 922 2925 in

212 2936 269 2965 hoc
287 2937 421 2966 Decreto
436 2938 591 2967 deficiunt.
616 2939 706 2974 Vide,
721 2949 789 2977 quae
806 2940 873 2968 Nos
885 2939 921 2968 ad

213 2979 463 3017 Demosthenem,
478 2981 508 3010 in
526 2981 672 3011 Oratione
688 2992 721 3011 π.
739 2981 922 3023 παραπρεσβ.

210 3021 233 3052 55.
247 3021 291 3062 ιζ’.
308 3027 371 3052 not.
386 3022 473 3061 ἐκγον.
497 3024 650 3054 ΤΑγιοῑι.

958 1830 975 1849 a
1003 1820 1158 1849 Thebanis
1190 1821 1335 1858 ejectum,
1366 1820 1405 1849 ab
1431 1819 1672 1850 Atheniensibus

958 1867 1118 1901 receptum
1154 1872 1235 1898 esse,
1272 1861 1473 1891 conviciatori
1504 1862 1673 1901 respondit.

960 1906 1045 1942 Quid
1081 1907 1106 1935 si
1137 1905 1250 1935 Scurra
1279 1904 1429 1944 quispiam
1461 1904 1520 1934 hoc
1554 1906 1672 1936 assuit?

960 1949 1085 1980 Wou.
1124 1949 1238 1978 Eadem
1272 1948 1335 1977 fere
1365 1946 1568 1978 'P011rrellius.
1606 1949 1674 1978 Cae-

959 1997 1059 2021 terum
1083 1991 1157 2021 nihil
1181 1991 1328 2021 incertius
1349 2001 1437 2030 quam
1455 1990 1601 2021 universa
1617 1992 1674 2021 OE·

959 2035 1026 2074 dipi
1053 2035 1189 2069 historia,
1218 2038 1376 2073 poetarum
1407 2034 1561 2072 figmentis
1587 2034 1673 2073 miri-

960 2078 1016 2107 fice
1033 2077 1209 2116 depravata.
1256 2078 1419 2114 Nunquam
1441 2076 1521 2105 enim
1543 2087 1611 2106 eum
1631 2087 1672 2107 ex

959 2124 1055 2150 matre
1075 2120 1189 2150 liberos
1213 2119 1399 2157 suscepisse,
1418 2129 1452 2148 re
1478 2122 1542 2148 tota
1569 2119 1672 2150 statim

961 2168 1033 2203 post
1048 2164 1169 2202 nuptias
1186 2163 1348 2203 patefacta,
1365 2162 1444 2191 haud
1468 2163 1600 2191 obscure
1627 2162 1672 2193 in-

961 2207 1025 2236 nuit
1052 2207 1219 2241 Homerus,
1245 2205 1362 2244 odyss.
1384 2211 1422 2234 A.
1448 2210 1479 2234 et
1494 2206 1673 2235 confirmant

961 2250 1130 2280 Pausanias
1147 2248 1310 2283 Boeoticis,
1327 2253 1359 2277 et
1375 2247 1539 2278 Scholiast.
1561 2248 1592 2277 in
1609 2249 1673 2278 Eu-

961 2293 1073 2334 ripidis
1090 2292 1244 2322 Phoeniss
1290 2291 1398 2321 Potuit
1419 2296 1520 2320 autem
1543 2291 1621 2327 fieri,
1639 2297 1674 2321 nt

962 2337 1079 2375 absque
1110 2336 1172 2365 ulla
1207 2334 1375 2373 ignominia
1403 2333 1520 2364 Thebis
1548 2334 1674 2364 cederet

962 2380 1098 2419 OEdipus
1113 2391 1119 2408 z
1148 2379 1228 2417 apud
1253 2388 1358 2407 omnes
1374 2377 1455 2406 enim
1471 2381 1579 2417 gentes
1594 2377 1674 2407 anti-

944 2433 1048 2462 ·quas‚
1083 2421 1252 2456 homicidii,
1288 2420 1430 2460 quamvis
1469 2430 1528 2449 non
1563 2425 1673 2459 sponte

961 2466 1047 2501 facti,
1073 2475 1142 2495 reos
1164 2465 1262 2494 solum
1285 2468 1404 2494 vertere
1426 2466 1551 2492 coaetos
1577 2463 1673 2493 fuisse

962 2509 1154 2538 notissimum
1192 2512 1250 2537 est.
1294 2507 1413 2536 Tritum
1452 2504 1577 2544 quidem
1613 2506 1673 2548 hoc

962 2552 1058 2582 fuisse
1089 2552 1118 2580 in
1146 2551 1307 2580 Thebanos
1337 2547 1546 2584 maledictum,
1573 2558 1673 2587 neque

963 2595 1052 2624 unius
1083 2593 1298 2623 conviciatoris
1327 2591 1497 2631 petulantia
1526 2591 1673 2627 declarat,

962 2648 1061 2676 neque
1082 2645 1264 2676 responsum
1280 2634 1356 2664 illud
1371 2634 1603 2672 Epaminondae,
1618 2635 1672 2672 qni

961 2681 1067 2720 inepta
1104 2679 1298 2719 objicientem
1333 2677 1487 2707 hominem
1526 2686 1581 2706 suo
1612 2677 1673 2706 sibi

956 2724 1096 2762 jugulat:
1120 2726 1142 2740 “
1159 2722 1208 2751 Sit
1228 2731 1299 2751 sane
1315 2720 1451 2758 OEdipus
1474 2719 1581 2758 patriae
1601 2729 1673 2758 pro-

962 2767 1059 2795 brum.
1104 2765 1199 2804 Atqui
1214 2764 1360 2803 probrum
1376 2763 1465 2797 illud,
1481 2772 1498 2792 a
1512 2761 1601 2791 nobis
1616 2762 1673 2792 eli-

960 2809 1117 2844 minatum,
1136 2819 1190 2838 vos
1206 2804 1411 2845 excepistis?
1444 2805 1564 2835 STOCK·

1002 2851 1104 2892 Ὑμῖν]
1131 2850 1196 2891 [Ita
1211 2849 1315 2889 Tayl.]
1339 2847 1453 2887 Ἡμῖν
1475 2847 1527 2877 edi
1543 2846 1674 2884 solebat,

960 2898 991 2924 et
1007 2894 1135 2930 rectius,
1151 2898 1184 2923 ut
1199 2893 1342 2922 arbitror.
1365 2892 1524 2922 Timon.
1544 2901 1574 2921 v.
1590 2897 1672 2920 ante-

960 2948 1031 2977 pen.
1045 2938 1133 2966 deest
1148 2937 1208 2970 τοῖς
1222 2936 1253 2965 in
1270 2935 1318 2965 ed.
1335 2934 1423 2974 Tayl.

1004 2979 1156 3021 Πςὲσβεςι]
1182 2980 1222 3009 Et
1238 2978 1287 3008 hic
1305 2987 1364 3008 non
1381 2982 1429 3008 est
1452 2975 1598 3007 denarius
1610 2986 1666 3006 nu—

960 3033 1063 3054 merus
1076 3024 1256 3063 legatorum.
1282 3022 1403 3053 Wom.
