1928 3284
225 214 294 267 Mi
613 221 1287 268 AHMOZoENOTE

225 335 325 365 XXI.
348 336 514 366 Decretum
528 336 734 374 Callisthenis,
749 338 788 368 de
799 337 932 368 civitate

325 380 462 416 tutanda,
474 380 578 409 audita
587 381 714 410 Athenis
727 380 930 411 Phocensium

327 421 426 451 clade.
471 423 633 453 Demosth.
649 424 673 462 §.
691 421 736 453 ιζ’.

224 464 309 502 Ergo
325 464 491 494 Decretum
506 466 544 495 de
562 466 739 495 maturanda
763 464 930 504 Legatione

225 506 264 535 ad
288 505 468 545 exigendum
495 518 512 537 a
537 507 683 546 Philippo
708 508 930 545 jusjurandum,

225 548 307 586 quod
328 554 449 579 narrant
465 550 635 589 Scriptores
648 550 741 580 latum
758 559 825 578 esse
840 547 930 579 ΙΙΙῑίο

225 591 457 629 Munychionis,
484 592 568 633 (sive
591 592 682 622 fuerit
708 593 875 622 Decretum
890 592 929 620 de

225 633 447 663 constituendis
455 635 661 673 legatis,quod
671 635 762 664 latum
774 645 842 664 esse
849 634 929 664 vidi-

224 685 292 705 mus
302 686 404 705 mense
414 676 515 715 priore
528 682 669 712 exeunte,
680 688 723 707 sc.
738 675 930 706 dieXXfldo

225 718 483 757 Elaphebolionis,
494 720 541 749 vel
554 721 644 750 etiam
655 718 859 760 XIX¹²⁶)ja1n
871 729 930 749 uon

223 770 260 792 eo
272 770 384 796 mense,
397 766 450 791 aut
462 762 521 797 die,
536 773 653 798 verum,
668 762 693 793 si
705 762 779 792 fides
792 762 931 792 habenda

224 802 265 831 sit
288 804 413 832 Decreti
436 805 540 834 verbis
569 806 703 841 disertis,
725 815 793 845 quae
815 806 930 844 produ-

223 850 333 874 cuntur
354 845 403 875 liic
424 846 449 886 §.
464 846 505 876 δ’.
523 847 789 878 Hecatombaeonis
811 849 857 878 die
879 858 930 887 po-

223 893 335 922 sto-emo,
356 888 422 917 sive
437 888 553 920 ΧΙΧΠΟ
563 892 659 921 latum
675 895 750 921 erat.
763 891 860 921 Porro
877 901 930 920 au-

221 935 283 959 tem
307 931 473 961 Decretum
494 942 512 961 a
531 933 718 964 Callisthene
735 934 772 964 de
787 933 929 964 excubiis

220 972 326 1007 latum,
349 973 380 1002 in
396 983 512 1004 summa
525 976 729 1015 trepidatione
750 976 866 1006 civium
889 977 930 1006 ob

223 1014 355 1044 deletam
379 1018 485 1045 urbem
509 1018 729 1055 Phocensium,
745 1024 860 1057 ponunt
880 1017 930 1048 Illi

222 1057 388 1096 contigisse
398 1059 680 1098 Soirrhophorionis
688 1061 808 1091 dieXX
814 1062 928 1091 V11ffl0:

223 1098 289 1129 Hoc
306 1110 378 1129 vero
392 1101 650 1132 Moemacterionis
667 1103 718 1132 die
730 1103 797 1133 XX
804 1104 872 1133 1³¹⁰.

265 1142 347 1178 Quid
371 1143 410 1173 de
426 1143 473 1173 his
491 1145 590 1174 turbis
605 1145 840 1184 Chronologicis
857 1144 927 1175 fiet?

221 1184 313 1214 Certe
343 1186 381 1215 ad
412 1196 463 1215 eas
487 1187 643 1217 molestias
674 1187 824 1217 tollendas
856 1187 928 1217 utile

222 1230 254 1256 et
280 1228 458 1267 expeditum
482 1236 564 1259 esset
584 1230 793 1259 Commentum
808 1229 860 1269 (eo
885 1235 929 1258 ta-

220 1279 289 1298 men
313 1279 372 1299 non
394 1270 479 1310 utor)
506 1271 665 1301 Stratoclis
694 1270 868 1310 cujusdam,
896 1275 929 1300 ut

220 1313 372 1342 memoriae
402 1313 532 1343 traditur
562 1324 580 1344 e
607 1313 781 1348 Plutarcho,
805 1313 866 1352 qui,
897 1317 930 1343 ut

224 1354 416 1385 Demetrium
451 1360 588 1395 captaret
628 1357 835 1391 Poliorceten,
875 1355 931 1386 tati

220 1397 349 1427 consilio
375 1399 598 1429 Kalendarium
616 1399 753 1430 Atticum
787 1398 929 1428 mutavit.

220 1440 398 1471 Demetrius
423 1442 557 1471 Athenas
587 1452 692 1473 mense
721 1440 929 1480 Munychione

221 1483 366 1522 appulsus
395 1483 559 1523 Mysteriis
590 1484 706 1514 initiari
737 1483 847 1514 voluit.
888 1483 928 1513 Id

219 1525 288 1564 lege
310 1537 370 1556 non
395 1526 495 1564 licuit,
516 1526 574 1557 nisi
599 1526 728 1565 privatis
753 1531 783 1557 ct
804 1524 928 1557 minori-

219 1569 288 1604 bus,
315 1579 382 1607 quae
401 1579 502 1600 mense
533 1570 765 1600 Anthesterione
791 1569 927 1599 celebra-

220 1610 338 1647 bantur,
363 1612 447 1651 prius
469 1612 578 1643 fuisset
607 1617 775 1651 receptum
800 1616 873 1652 post
895 1611 929 1642 id

219 1658 350 1693 tempuS,
364 1665 476 1695 eosque
490 1655 578 1691 ritus,
591 1665 693 1686 mense
709 1655 831 1685 demum
845 1656 927 1684 Boe-

219 1697 389 1731 ‹lromione,
414 1708 523 1737 magna
547 1697 611 1734 illa,
636 1702 670 1728 ut
692 1703 846 1733 vocantur,
863 1703 929 1728 voto

221 1745 429 1778 suscepturus.
453 1740 536 1777 Quid
552 1751 625 1780 ergo
641 1740 746 1771 fieret?
769 1741 852 1770 Tulit
868 1741 928 1770 Po-

218 1781 321 1820 pulus,
339 1782 405 1816 hoc,
418 1794 506 1822 quem
524 1782 602 1819 dixi,
615 1793 749 1818 suasore,
766 1789 799 1814 ut
814 1784 926 1822 Muny-

219 1824 300 1859 chio,
322 1835 378 1862 pro
395 1826 450 1855 hac
468 1826 548 1862 vice,
573 1825 792 1856 Antliesterio:
815 1825 927 1855 deinde

219 1867 353 1904 peractis
379 1867 484 1903 sacris,
500 1879 566 1907 quae
581 1869 635 1899 isti
654 1869 757 1899 Meusi
773 1873 926 1908 compete-

219 1910 301 1945 bant,
315 1910 453 1948 protinus
470 1911 656 1942 Boedromio
672 1915 843 1941 vocaretur.
869 1912 926 1940 Ve-

219 1962 285 1981 rum
311 1963 347 1982 eo
371 1953 511 1990 consilio,
541 1959 632 1993 atque
659 1953 698 1984 iis
724 1953 855 1989 technis,
880 1954 926 1983 iu-

218 2004 318 2032 quam,
332 2006 388 2024 non
406 2001 482 2027 utor.
520 1996 756 2033 Eruditissimus
767 1996 925 2027 Corsiuius

219 2037 248 2065 in
260 2038 359 2067 Fastis
369 2039 493 2075 Atticis,
502 2039 666 2069 Dissertat.
678 2040 743 2068 111.
758 2040 843 2079 §.172
860 2039 926 2069 haec

220 2079 281 2107 duo
297 2079 495 2111 Monumenta
521 2082 643 2121 publica
671 2082 813 2112 emendat
835 2084 927 2121 juxta

219 2132 352 2152 normam
367 2129 397 2153 et
411 2125 522 2154 seriem
534 2125 622 2155 istam
634 2125 926 2163 Temporum,quam

218 2164 303 2200 prius
320 2167 524 2202 exhibuimus,
541 2167 721 2202 rescribens,
734 2167 782 2196 hic
796 2168 926 2206 scil.pro

221 2206 462 2247 Ἑκατομβαιῶνος
488 2209 528 2251 ἐ’νῃ
554 2210 602 2239 καὶ
632 2209 687 2249 νέᾳ,
712 2213 926 2250 Μουνυχιῶ·

221 2260 276 2283 νος
291 2251 412 2292 τρίτῃ,
427 2257 478 2282 aut
493 2251 927 2292 potius'smcncomczvog

220 2290 412 2330 φθίνοντος
437 2294 575 2335 smum.
619 2296 740 2325 Rursus
765 2296 791 2335 §.
808 2294 851 2325 ιζ’.
869 2306 926 2336 pro

220 2339 468 2376 Μαιμακτηριᾶἷνος
497 2337 598 2378 δεκάτῃ
630 2337 756 2371 ἀπιόντος
785 2338 927 2368 rescribit

220 2378 308 2408 Idem
322 2383 632 2419 Σκιξξοψοξιῶνος
660 2381 820 2421 τετράδι
848 2380 926 2421 φθί-

221 2431 231 2449 ι·
242 2433 253 2449 ο
263 2433 302 2450 νἰ·
313 2433 357 2455 ος.
393 2420 484 2451 Adde
497 2423 625 2452 eundem
639 2424 768 2453 [insert.
779 2423 855 2463 11.§.
874 2425 924 2455 15.

221 2464 436 2499 Veruntamen,
456 2475 523 2494 cum
539 2476 687 2504 expresse
711 2471 874 2496 exarentur
895 2468 927 2497 in

222 2512 349 2546 utroque
359 2506 607 2545 loco‚verbisque
617 2508 928 2544 disertissimisfflen·

223 2549 301 2578 sium
322 2549 511 2587 Dierumque
528 2550 657 2586 nomina,
674 2561 739 2589 quae
755 2562 814 2581 non
827 2552 926 2588 facile,

222 2592 270 2620 vel
281 2592 480 2621 obliterarum
491 2593 627 2627 ductum,
652 2593 700 2622 vel
713 2594 750 2622 ob
769 2594 834 2623 soni
846 2595 928 2625 simi-

222 2632 380 2664 litudinem
396 2645 413 2664 a
422 2634 554 2665 librariis
565 2640 595 2664 et
607 2635 849 2674 descriptoribus
859 2648 927 2676 per-

225 2677 333 2706 mutari
349 2681 505 2716 poterant:
532 2680 620 2712 Cum,
636 2677 661 2707 si
677 2679 749 2716 quid
766 2685 830 2708 erat
845 2680 929 2709 inno-

224 2719 364 2753 vandum,
394 2720 537 2750 Narratio
558 2720 659 2759 potius
686 2721 725 2750 ad
749 2721 928 2759 Registrnm

222 2761 434 2791 conformanda
443 2767 516 2798 erat,
529 2774 617 2802 quam
629 2762 693 2793 Hoc
702 2764 738 2793 ab
755 2762 813 2793 Illa
829 2774 928 2794 emen—

224 2803 376 2832 dandum:
404 2804 480 2833 Cum
495 2806 596 2835 nullus
619 2805 737 2835 'sextus
759 2815 846 2836 sacer
861 2817 927 2837 esse

223 2850 336 2884 potest,
364 2845 389 2874 si
411 2847 504 2877 verba
531 2848 763 2887 Supputationis
794 2853 855 2878 tam
881 2850 927 2879 di-

224 2887 332 2917 stincte
359 2893 506 2923 enarrata,
523 2894 554 2919 et
569 2895 652 2920 tanta
668 2891 726 2920 fide
741 2892 929 2921 membrana-

224 2940 289 2958 rum
306 2929 432 2966 munita,
447 2930 476 2959 in
492 2937 553 2960 tam
573 2933 672 2962 aliena
696 2937 727 2963 et
748 2938 809 2963 tam
825 2933 929 2973 dispa—

224 2973 269 3001 ria
285 2973 421 3011 protinus
437 2977 634 3010 mutarentur,
659 2986 694 3005 eo
717 2976 786 3012 fine,
803 2980 836 3006 ut
853 2987 927 3007 iuius

224 3024 263 3043 cx
293 3020 419 3053 utroque
452 3014 518 3046 loco
546 3023 705 3056 computus
744 3018 905 3050 eliceretur
920 3031 926 3049 :

964 336 1042 365 Cum
1067 335 1198 375 denique
1222 346 1285 367 non
1306 340 1431 374 temere,
1445 345 1503 366 non
1523 346 1604 373 casu,
1620 340 1672 368 aut

964 378 1184 418 exemplarium
1205 378 1295 416 vitio,
1318 380 1371 409 sed
1395 390 1510 410 summo
1540 380 1671 410 consilio

962 421 1076 451 factum
1111 431 1180 451 esse
1209 422 1474 461 deprehendimus,
1502 427 1536 452 ut
1572 422 1671 452 simile

963 473 1039 502 pene
1067 462 1437 504 intervallum*temporis
1465 465 1671 495 intercederet

962 505 1042 535 inter
1057 505 1214 537 Decretum
1231 507 1268 537 de
1281 508 1490 537 constituendis
1509 506 1625 548 Legatis
1639 511 1671 537 et

964 546 1121 579 Decretum
1136 550 1171 579 de
1185 549 1298 590 vigiliis·
1318 549 1466 586 habendis,
1483 551 1569 588 quale
1578 551 1670 588 juxta
1685 582 1692 587 ι

961 591 1121 622 historiam
1136 592 1327 622 intercedere
1341 603 1469 623 necesse
1483 592 1552 628 suit,
1566 602 1670 631 quem-

963 644 1082 673 cunque
1111 635 1232 665 demum
1261 639 1437 675 computum
1464 634 1609 664 iniretis:
1637 634 1672 664 id

964 681 1020 712 est,
1033 678 1098 709 sive
1113 677 1146 707 id
1158 678 1209 707 fiat
1223 679 1309 716 =juxta
1318 678 1493 717 superiorem
1508 677 1672 713 calculum,

963 730 1054 759 quem
1077 731 1118 750 ex
1141 721 1306 750 Oratorum
1321 721 1425 751 verbis
1441 719 1591 755 elicimus,
1603 719 1670 749 sive

958 764 1049 802 juxta
1061 764 1255 802 posteriorem,
1267 773 1357 803 quem
1371 762 1498 794 Decreti
1513 763 1609 792 verba
1622 772 1671 791 re-

961 809 1168 845 praesentant:
1184 806 1262 836 Cum
1283 807 1335 841 ita,
1353 805 1488 846 inquam,
1504 815 1537 834 se
1552 814 1602 834 res
1618 804 1672 833 ha-

964 850 1044 884 beat,
1059 849 1170 879 nollem
1181 859 1264 885 sane,
1276 859 1353 887 pace
1366 847 1565 879 eruditissimi
1580 850 1671 886 atque

963 891 1141 921 amicissimi
1165 891 1235 921 Viri
1259 891 1402 928 dixerim,
1427 901 1493 921 eam
1519 889 1671 919 defensio-

962 944 1031 964 nem
1059 934 1153 964 fuisse
1174 939 1322 974 paratam,
1347 935 1422 964 licet
1446 932 1583 963 nonnulli
1609 932 1672 961 sor-

962 980 1059 1012 tasse,
1075 977 1129 1017 qui
1144 979 1277 1008 nostram
1290 978 1430 1016 legerint,
1445 985 1543 1014 neque
1560 975 1672 1014 proba-

962 1019 1102 1050 biliorem
1125 1020 1233 1056 multo,
1256 1030 1355 1058 neque
1378 1018 1596 1058 elegantiorem
1619 1021 1673 1046 aut

963 1062 1183 1092 accuratiorem
1206 1061 1460 1092 existimaverint.
1505 1061 1577 1090 Hoc
1598 1069 1672 1089 vero

962 1107 997 1132 ut
1018 1103 1139 1132 felicius
1161 1103 1309 1141 expedire
1331 1103 1462 1141 possim,
1477 1102 1568 1132 liceat
1582 1111 1673 1140 repe—

963 1149 1028 1174 tere
1055 1149 1146 1183 atque
1175 1144 1374 1184 ingeminare,
1400 1155 1468 1184 quae
1497 1144 1672 1183 nuperrime

963 1187 1043 1222 dixi,
1070 1187 1138 1217 scil.
1160 1188 1341 1226 posteriorem
1365 1187 1515 1217 calculum
1538 1186 1673 1216 feliciter

963 1229 1038 1259 satis
1064 1237 1132 1259 esse
1157 1229 1353 1265 subductum,
1376 1240 1476 1268 neque
1498 1234 1612 1259 temere
1626 1229 1672 1259 fa-

963 1276 1044 1300 ctum
1059 1270 1169 1305 videri,
1185 1277 1237 1301 aut
1251 1271 1354 1307 talem,
1370 1283 1458 1310 quem
1471 1282 1488 1301 a
1499 1271 1673 1307 temerario,

963 1317 1014 1343 eut
1026 1314 1173 1344 oscitante
1187 1313 1294 1343 Scriba
1315 1315 1486 1353 profectum
1502 1314 1673 1353 deprehen-

963 1356 1057 1386 deris.
1102 1355 1188 1392 Quid
1215 1356 1317 1386 enim?
1351 1357 1387 1386 In
1414 1356 1566 1396 superiori
1582 1358 1673 1386 Com-

962 1403 1039 1438 puto
1051 1399 1226 1429 excitantur
1239 1398 1350 1438 Legati
1359 1400 1396 1430 ad
1406 1399 1673 1439 proficiscendum,

963 1441 1182 1482 Munychionis
1207 1441 1257 1472 die
1285 1440 1385 1472 11150.
1418 1442 1673 1472 Proficiscuntur.

963 1484 1104 1523 Spatium
1119 1484 1198 1514 ultra
1211 1484 1359 1515 bimestre
1373 1489 1484 1514 terunt.
1499 1486 1671 1514 Revertan-

963 1530 1024 1556 tur.
1043 1528 1082 1556 Et
1096 1527 1185 1567 panio
1202 1531 1275 1566 post
1293 1528 1436 1563 reditum,
1447 1527 1514 1557 scil.
1530 1527 1671 1556 Soirrho-

963 1569 1121 1608 phorionis
1132 1569 1184 1600 die
1202 1569 1381 1601 XXVIImo
1390 1574 1527 1600 narratur
1544 1569 1673 1599 Athenis

963 1613 1066 1642 clades
1079 1611 1295 1643 Phocensium.
1321 1613 1411 1651 Quod
1422 1612 1615 1643 intervallum
1624 1617 1674 1642 est

962 1654 1080 1685 dierum
1090 1655 1214 1687 circiter
1226 1656 1425 1686 LXXXIII.
1441 1655 1460 1686 J
1463 1666 1509 1685 am
1518 1658 1631 1691 autem,
1644 1656 1670 1685 si

957 1699 1051 1737 juxta
1065 1698 1144 1728 hunc
1168 1699 1350 1737 Computum
1372 1708 1523 1732 numeres,
1549 1697 1616 1727 scil.
1633 1698 1671 1726 ab

963 1741 1234 1771 Hecatombaeonis
1247 1741 1296 1771 ‹lie
1307 1741 1424 1777 ultimo,
1441 1741 1478 1771 ad
1495 1741 1672 1770 Maemacte-

961 1783 1058 1813 rionis
1074 1784 1158 1814 diem
1172 1784 1334 1814 XXImum.
1376 1783 1454 1814 Dies
1473 1783 1582 1813 iterum
1601 1787 1671 1812 sunt

962 1826 1111 1857 LXXX.
1127 1827 1296 1863 levissima,
1311 1826 1361 1857 vel
1380 1826 1483 1866 potius
1505 1826 1598 1862 nulla,
1614 1825 1674 1854 dis-

962 1869 1098 1899 ferentia.
1144 1869 1294 1909 Utrinque
1318 1879 1392 1908 ergo
1415 1868 1597 1899 conveniunt
1612 1869 1673 1898 Ra-

961 1912 1073 1948 tiones,
1088 1916 1178 1951 atque
1196 1912 1367 1942 accuratius
1385 1911 1520 1951 quidem,
1534 1921 1624 1950 quam
1639 1910 1670 1940 in

962 1954 1016 1984 tali
1031 1965 1065 1984 re
1084 1954 1129 1984 fas
1153 1959 1217 1984 erat
1237 1958 1426 1994 exspectare.
1470 1953 1598 1992 Aliquid
1614 1953 1674 1991 igi-

963 2000 1011 2026 tur
1032 1997 1118 2030 latet.
1142 1997 1222 2037 quod
1246 1997 1298 2033 iis,
1324 2007 1399 2036 quas
1422 1995 1502 2031 dixi,
1522 1995 1672 2025 machinis

961 2040 1133 2078 expugnari
1160 2050 1219 2069 non
1243 2043 1355 2078 potest.
1400 2039 1441 2068 Et
1468 2038 1618 2078 profecto,
1646 2037 1673 2067 si

962 2081 1141 2111 Kalendarii
1170 2081 1265 2112 Attici
1294 2081 1388 2111 Ratio
1416 2091 1475 2110 una
1502 2080 1611 2110 fuisset
1640 2085 1673 2110 et

961 2128 1120 2163 perpetua,
1139 2135 1237 2163 neque
1253 2124 1324 2154 stilo
1339 2127 1497 2158 renovata,
1514 2133 1610 2162 neque
1626 2123 1672 2152 in·

961 2168 1083 2196 tel-dum
1097 2168 1137 2196 ad
1159 2167 1232 2197 Solis
1249 2166 1397 2206 Luamque
1419 2167 1492 2201 vias,
1519 2170 1608 2205 atque
1632 2166 1671 2195 ad

962 2210 1181 2240 accuratiorem
1205 2210 1348 2239 amussim
1383 2209 1547 2248 diligenter
1575 2208 1672 2238 refor-

961 2259 1053 2288 mata,
1077 2252 1262 2282 crediderim
1280 2252 1355 2281 illud
1370 2251 1464 2281 fuisse
1481 2252 1668 2290 inexpugna-

962 2295 1032 2324 bile.
1077 2296 1189 2324 Verum
1208 2296 1324 2325 solebat
1347 2295 1380 2323 id
1403 2293 1565 2333 aliquoties
1581 2294 1670 2323 lieri:

962 2342 1053 2376 atque
1069 2339 1157 2367 Anno
1179 2338 1272 2368 Civili
1295 2336 1541 2372 Atheniensium,
1558 2337 1610 2375 qui
1625 2336 1671 2366 in-

961 2381 1127 2419 diligenter
1153 2381 1225 2410 satis
1250 2383 1315 2409 erat
1333 2381 1501 2415 confectus,
1525 2379 1569 2409 uti
1592 2389 1670 2418 opus

963 2429 1027 2453 erat
1042 2424 1186 2459 maxime,
1201 2423 1244 2453 ita
1260 2433 1319 2452 usu
1336 2422 1420 2453 venit
1440 2421 1621 2461 saepissime,
1637 2425 1671 2451 ut

962 2466 1261 2502 Intercalationibus‚
1294 2465 1442 2504 novisque
1469 2464 1670 2505 Supputatio-

961 2519 1032 2538 num
1056 2509 1182 2544 artibus,
1197 2508 1359 2548 pristinam
1379 2508 1593 2547 anti-quamque
1607 2507 1670 2536 for-

962 2561 1052 2587 mam,
1067 2561 1242 2591 moremque
1253 2550 1441 2586 numerandi,
1456 2549 1586 2580 subinde
1602 2559 1672 2579 ver·

962 2598 1051 2623 teret.
1095 2595 1142 2624 Ea
1165 2594 1279 2624 ratione
1303 2593 1469 2630 contigisse
1496 2592 1608 2631 potuit,
1624 2596 1672 2629 ut,

962 2637 1119 2666 immutata
1133 2637 1279 2676 paulatim
1294 2635 1372 2665 facie
1387 2635 1530 2676 Computi
1546 2635 1670 2671 Civilis,

963 2680 1040 2715 sive,
1058 2680 1141 2719 quod
1161 2689 1265 2709 verum
1280 2689 1346 2708 esse
1361 2678 1502 2714 arbitror,
1517 2677 1552 2707 id
1566 2681 1671 2707 aucto-

962 2721 1052 2751 ritate
1072 2721 1199 2761 publica
1225 2722 1315 2751 simul
1337 2721 1449 2751 factum
1470 2720 1572 2756 fuerit,
1593 2730 1671 2759 prae-

962 2767 1008 2792 ter
1023 2763 1143 2805 ἀξχαίαν
1158 2765 1254 2801 illam,
1267 2770 1298 2794 et
1308 2768 1458 2794 vetustam
1473 2763 1578 2793 horum
1591 2763 1669 2793 Ora-

962 2809 1062 2836 torum
1085 2806 1221 2842 ’'Eneocav,
1237 2817 1304 2846 quae
1325 2807 1413 2845 juxta
1428 2815 1532 2836 eorum
1548 2809 1669 2834 aetatem

962 2848 1099 2878 describi
1120 2854 1251 2889 poterat,
1275 2849 1412 2888 prodiret
1431 2848 1496 2883 illa,
1518 2857 1607 2886 quam
1624 2847 1671 2878 δη-

961 2891 1040 2930 μώδη
1064 2892 1215 2930 Ulpianus
1235 2896 1337 2927 vocat,
1359 2891 1416 2931 (de
1439 2889 1548 2928 quibus
1577 2900 1670 2928 supra

963 2933 1000 2961 ud
1024 2933 1101 2963 hanc
1117 2934 1295 2964 Orationem
1318 2934 1411 2963 verba
1430 2931 1609 2972 habuimus)
1630 2933 1669 2962 ad

962 2975 1114 3016 vulgarem
1136 2986 1179 3005 se.
1193 2986 1284 3006 nsum
1307 2975 1497 3010 conc-innata,
1519 2978 1609 3014 atque
1630 2975 1669 3004 ud

963 3028 1027 3048 cam
1060 3018 1219 3050 Fastorum
1251 3018 1398 3050 rationem
1433 3017 1671 3054 accommodata,

1912 2739 1928 2946 uzka-m-n—e-za
1923 2707 1928 2730 ...
1924 2691 1928 2696 .
1927 2666 1928 2669 „
1926 2635 1928 2651 „.
