1928 3284
707 228 1190 274 PROLEGOMENA.
1569 219 1679 273 387

219 337 476 377 Athenienses
498 350 570 376 nec
599 349 743 388 corpus
762 337 892 388 legum
913 349 1067 375 suarum
1101 336 1176 374 ulla
1204 341 1314 386 parte
1335 342 1477 377 temere
1498 337 1678 383 mutilari,

213 412 287 439 nec
307 401 437 451 plura
456 399 506 438 de
526 411 601 438 una
616 398 833 450 eademque
850 411 890 436 re
910 399 1016 450 leges
1034 398 1172 444 inesse,
1187 410 1276 449 quae
1297 399 1489 437 sententia
1505 399 1674 438 dissonae

211 468 341 501 essent
360 462 419 500 vel
440 461 538 499 inter
565 473 607 498 se
628 460 849 499 contrariae.
907 460 967 499 Ita
986 460 1086 499 enim
1108 460 1244 512 vulgus
1266 460 1367 511 juris
1387 461 1559 511 ignarum
1581 474 1676 500 con·

210 523 373 570 turbari,
399 528 437 561 et
463 521 597 560 rudem
625 522 885 561 innocentiam
913 535 934 561 a
963 522 1213 574 peritioribus
1240 522 1511 561 circumveniri
1537 528 1576 561 et
1601 536 1675 574 op-

211 585 338 637 primi,
363 597 491 635 neque
519 584 648 636 ipsum
669 584 847 635 judicem
875 597 1027 624 servare
1057 597 1172 636 posse
1199 584 1490 634 jusjurandum,
1517 597 1564 623 ex
1593 596 1675 634 quo

210 646 441 686 sententiam
462 644 560 685 ferre
590 646 638 685 ad
666 647 896 697 praescripta
925 647 1053 698 legum
1082 646 1267 691 deberet;
1294 646 1476 684 omnibus
1504 645 1674 684 oblatam

209 708 324 760 plana
345 709 438 758 jura
457 708 634 747 discendi
654 708 878 748 facultatem
901 711 1017 747 unice
1038 708 1243 746 convenire
1265 707 1462 746 libertati-¹
1521 707 1567 745 In
1592 719 1674 757 quo

211 769 334 808 multo
352 769 405 808 illi
425 770 537 808 aliter
555 769 746 820 fecerunt,
768 782 887 821 quam
918 769 1094 816 Romani,
1116 769 1258 808 callide
1279 768 1476 820 impeditis
1499 767 1674 807 formulis

207 837 249 870 et
277 831 428 882 laqueis
457 831 529 877 usi,
559 845 638 882 quo
666 831 862 870 difficilior
887 832 989 882 juris
1023 831 1185 870 scicntia
1218 829 1340 869 fieret.
1398 830 1676 869 Verumtamen

211 905 330 944 quum
351 893 458 932 nullo
479 900 595 945 pacto
624 895 716 932 satis
744 894 870 932 caveri
901 900 1035 946 posset
1057 893 1234 938 Athenis,
1258 906 1304 930 ne
1326 893 1429 942 leges
1460 893 1676 942 irreperent

210 957 439 1006 παρανόμως
459 955 643 1006 scriptae3
673 968 952 1006 nonnunquam
973 956 1062 993 viris
1084 962 1194 993 extra
1216 954 1389 992 ordinem
1419 953 1581 992 delectis
1610 966 1676 991 ne-

208 1017 355 1068 gotium
374 1017 506 1056 datum
528 1023 586 1055 est
615 1017 922 1068 recognoscendi
941 1030 1089 1063 omnes,
1110 1022 1148 1054 et
1169 1016 1383 1054 contrarias
1405 1015 1503 1053 intcr
1527 1030 1568 1054 se
1589 1014 1676 1053 seli-

209 1077 356 1130 gendi.¹
411 1078 460 1116 Et
480 1078 555 1116 alia
573 1079 789 1129 recognitio
810 1079 936 1130 legum
958 1090 1086 1117 annua
1102 1077 1189 1124 suit,
1206 1077 1254 1116 de
1270 1089 1346 1128 qua
1361 1078 1491 1128 paullo
1511 1083 1601 1128 post
1617 1076 1676 1116 di-

209 1139 324 1179 cendi
339 1140 448 1178 locus
469 1140 555 1178 erit.

262 1202 354 1240 Non
371 1209 500 1240 autem
522 1203 552 1240 is
572 1202 694 1240 solum
714 1206 913 1252 παράνομα
934 1215 1087 1252 rogasse
1102 1201 1356 1252 arguebatur,
1375 1201 1442 1252 qui
1462 1202 1585 1252 legem
1599 1200 1675 1251 legi

210 1265 344 1309 veteri,
363 1263 529 1302 necdum
547 1263 726 1309 sublatae,
749 1269 1031 1315 repugnantem
1057 1263 1211 1310 tulerat,
1233 1264 1299 1302 scd
1321 1263 1437 1302 etiam
1459 1264 1503 1309 is,
1526 1262 1595 1314 qui
1617 1263 1676 1301 vel

210 1323 249 1362 in
270 1329 380 1375 parte
399 1331 467 1362 aut
488 1325 616 1375 capite
643 1336 753 1362 novae
775 1325 871 1375 legis
893 1325 1109 1375 quidquam
1143 1332 1326 1375 posuerat
1350 1331 1483 1364 contra
1504 1338 1562 1371 ca,
1583 1337 1674 1375 quoe

209 1391 379 1425 veterem
414 1386 687 1425 auctoritatem
720 1387 938 1426 haberent?
996 1388 1079 1426 Nee
1118 1388 1242 1426 miuus
1277 1389 1427 1426 curiose
1463 1388 1675 1426 videndum

209 1453 293 1486 erat
313 1449 497 1498 rogatori,
515 1462 562 1487 ne
582 1448 674 1499 qnid
697 1448 842 1500 proprii
864 1449 921 1487 sui
943 1462 1205 1500 paucorumve
1228 1450 1426 1488 commodi
1447 1463 1584 1488 caussa
1605 1461 1675 1501 po-

210 1515 334 1554 neret,
358 1522 408 1547 ne
434 1509 529 1560 quid
561 1522 631 1561 per
658 1522 698 1547 se
719 1510 920 1560 injustum,
943 1511 1125 1561 Reipubl.
1150 1511 1390 1556 indecorum,
1413 1512 1570 1550 utilitati
1591 1511 1677 1562 ejus

210 1569 394 1617 alienum,
416 1583 463 1609 ne
486 1571 580 1622 quid
611 1571 769 1610 omnino
799 1572 1011 1611 accusandi
1043 1585 1175 1610 ansam
1206 1573 1405 1611 malevolis
1428 1574 1676 1619 liabiturum;

209 1631 382 1683 denique
411 1645 459 1671 ne
491 1632 587 1683 quid
618 1639 801 1684 peccaret
831 1634 869 1672 in
900 1640 1088 1685 tempore,
1110 1634 1220 1682 locis,
1247 1641 1331 1674 toto
1360 1635 1495 1675 ordine
1522 1636 1677 1687 agendi.

210 1692 313 1732 Nam
345 1693 545 1732 habebant
575 1694 660 1733 haec
689 1695 818 1734 omnia
837 1695 1038 1734 cautiones
1059 1709 1160 1742 suaa,
1181 1704 1369 1748 erantque
1390 1698 1563 1749 antiquis
1583 1699 1677 1750 legi-

211 1754 284 1793 bus
314 1755 476 1794 sancita.
534 1755 618 1795 Nec
640 1756 793 1807 injuria.
850 1757 1056 1795 Ccrtarum
1077 1758 1178 1796 enim
1209 1759 1246 1796 in
1269 1759 1335 1796 tali
1358 1773 1397 1797 re
1420 1759 1674 1799 formularum

211 1829 301 1856 usus
330 1829 378 1855 eo
404 1817 532 1855 valere
562 1818 673 1863 solet,
696 1825 737 1856 ut
758 1818 950 1869 Populum
982 1819 1162 1857 tutiorem
1192 1833 1215 1858 a
1235 1820 1440 1859 fraudibus
1459 1829 1498 1860 et
1527 1822 1674 1861 insidiis

209 1885 412 1929 praestent,
434 1884 473 1917 et
494 1879 750 1918 temeritatem
772 1887 944 1919 arceant.
1002 1881 1140 1931 Itaque
1162 1881 1225 1920 hic
1252 1882 1349 1920 ordo
1379 1884 1432 1921 rei
1456 1883 1675 1933 praefinitus

209 1937 325 1980 eran*
378 1939 419 1978 Si
450 1940 538 1991 quis
557 1941 699 1980 civium
728 1941 823 1993 legis
844 1941 1049 1981 formulam
1069 1942 1174 1981 (lomi
1196 1951 1444 1994 conceperat,
1466 1945 1590 1995 primo
1609 1945 1678 1985 de·-

210 2003 331 2042 bebat
349 2015 432 2040 eam
457 2003 495 2040 in
512 2002 605 2041 albo
626 2004 812 2054 scriptam
829 2017 900 2055 per
914 2004 1075 2055 aliquod
1095 2010 1248 2055 tenipus
1265 2006 1422 2056 publice
1439 2019 1675 2058 proponere,

209 2071 337 2104 vetere
352 2064 429 2111 illa,
445 2077 562 2116 quarn
583 2065 810 2117 abrogabat,
832 2065 1000 2116 adjecta,
1018 2073 1060 2105 ut
1075 2068 1257 2106 omnibus
1273 2069 1388 2119 copia
1405 2068 1515 2107 fieret
1531 2069 1675 2120 saepius

211 2125 365 2178 legendi
406 2133 623 2178 utramque,
658 2128 903 2166 consultandi
943 2141 1032 2166 cum
1066 2129 1212 2174 amicis,
1246 2130 1547 2180 judicandique,
1589 2137 1677 2170 utra

209 2187 321 2227 alteri
354 2187 602 2240 praeserenda
635 2195 751 2227 esset.
809 2190 937 2229 Locus
971 2190 1243 2241 promulgandi
1281 2198 1364 2229 erat
1401 2198 1491 2230 ante
1529 2198 1674 2231 statuas

211 2249 534 2303 Eponymorum.e
589 2250 776 2290 Secundo
795 2251 893 2303 legis
920 2251 1099 2291 recitatio
1132 2253 1250 2291 semel
1287 2254 1506 2305 iterumque
1540 2255 1579 2292 in
1610 2269 1675 2293 ec-

257 2360 553 2401 rVid.0nt.§.=-4.
576 2360 799 2393 'rimor-tem
821 2362 926 2403 singu-
960 2364 1152 2403 σιπιςγοῦντις
1180 2364 1242 2394 τισὶ
1270 2366 1325 2394 τῶν
1348 2365 1460 2407 ῥητόρων
1494 2366 1676 2406 λυμαίνονται

212 2404 296 2436 tinia
313 2403 390 2434 locis
407 2404 504 2435 eiuro
519 2403 593 2433 nihil
612 2415 691 2444 opus
708 2410 765 2435 est.
961 2407 1010 2435 τὴν
1039 2405 1202 2437 πολιτείαν.
1261 2408 1302 2438 At
1333 2419 1391 2439 non
1420 2408 1521 2438 minus
1552 2419 1588 2439 ex
1618 2410 1673 2438 lino

255 2452 269 2469 ¹
281 2447 328 2478 Do
345 2446 398 2477 tati
422 2446 635 2485 recognitione
659 2449 779 2488 accipio
803 2449 889 2479 Ont-
903 2455 926 2488 §.
961 2447 1082 2479 ratione
1099 2451 1192 2480 verba
1202 2452 1316 2490 junges
1334 2461 1401 2482 cum
1415 2451 1590 2492 participio,
1614 2451 1673 2481 δια-

213 2488 250 2521 t'.
265 2490 302 2521 nd
316 2489 378 2525 fin„
398 2498 570 2529 qumquam
588 2500 638 2520 re}
662 2488 722 2522 alio
738 2496 816 2522 teste
831 2497 926 2522 cnret.
962 2491 1107 2530 λίξοντας.

216 2533 284 2564 Neo
301 2533 368 2572 ipse
384 2533 434 2562 hic
450 2532 536 2562 locun
561 2533 780 2565 Demosthenis
795 2535 833 2564 ab
845 2535 927 2565 omni
1005 2538 1019 2555 ⁸
1036 2535 1108 2566 noo
1131 2536 1162 2566 in
1190 2541 1311 2576 promtu
1339 2541 1387 2566 est
1413 2547 1452 2566 ex
1471 2537 1557 2566 Orat.
1582 2536 1608 2576 §.
1625 2537 1672 2566 κά.

215 2580 302 2617 parto
328 2574 431 2606 ctum·
460 2581 518 2605 est.
575 2577 616 2606 Ut
647 2576 722 2607 nihil
760 2577 862 2608 dicam
887 2578 927 2607 do
963 2586 1033 2610 ante
1048 2578 1129 2609 med.

214 2618 323 2656 verbo,
334 2620 529 2660 χιιςονηιιῖτι,
545 2619 627 2657 qnod
645 2619 674 2649 in
686 2620 858 2651 Comment-
874 2630 927 2651 no-
1007 2623 1022 2644 b
1039 2621 1113 2651 Vid.
1125 2622 1151 2663 §.
1168 2623 1217 2652 ιιά.
1233 2627 1264 2652 et
1280 2621 1321 2651 ibi
1338 2622 1449 2661 passim
1464 2622 1566 2652 Schol.

214 2660 280 2693 uvi
295 2672 304 2698 ς
326 2661 404 2701 qnid
420 2661 472 2691 itt·
486 2661 544 2691 sibi
570 2662 674 2692 volunt
689 2674 695 2692 z
720 2661 776 2693 tw}
794 2664 928 2703 πάμπο-
1007 2671 1021 2687 ⁶
1036 2665 1193 2696 Vocantur
1202 2665 1247 2695 sic
1265 2664 1450 2703 simpliciter
1461 2665 1675 2699 heroa-,undo

215 2709 265 2734 λυν
279 2703 448 2745 ὃδηῃόνον.)
474 2705 521 2734 Αη
536 2704 602 2734 liaeo
627 2705 782 2735 tntu-mus
799 2707 836 2736 nd
853 2712 929 2737 tern-
964 2708 1070 2739 decem
1087 2708 1197 2743 tribus,
1219 2719 1236 2737 ι
1251 2707 1408 2737 Clisthcue
1439 2706 1598 2743 institutit,
1620 2717 1673 2737 no-

216 2757 288 2787 pnn,
314 2746 561 2786 recognitor-ibn·
594 2747 632 2777 nd
671 2749 834 2787 gerendam
865 2760 928 2780 rem
965 2751 1045 2781 mina
1083 2756 1279 2790 acceperunt,
1310 2751 1422 2789 quibus
1448 2755 1556 2780 statum
1589 2755 1675 2781 eunt

217 2791 425 2820 conoe-unm?
478 2790 594 2820 Abnuit
621 2790 740 2830 adjecta
769 2792 930 2832 particula,
966 2794 1079 2833 ponitus
1106 2804 1201 2833 prope
1229 2793 1343 2822 curiam
1371 2793 1614 2832 Quingentorum
1644 2798 1676 2823 et

217 2831 278 2864 ἤδη.
326 2833 365 2862 Bt
381 2836 485 2862 notum
505 2838 564 2867 est.
589 2834 747 2864 formulam
772 2833 820 2864 lrrl
837 2837 931 2865 (πολιν
967 2837 1095 2868 tholum,
1113 2836 1143 2865 in
1172 2836 1329 2865 Ceramico
1354 2836 1471 2866 urbico.
1516 2837 1579 2866 1302
1602 2846 1677 2866 cnu-

215 2875 310 2918 xgbvov
325 2874 439 2913 neptun
462 2875 543 2914 npud
558 2876 677 2906 Attico·
693 2886 773 2912 esse,
797 2888 851 2917 per
868 2879 930 2907 lun·
967 2884 1062 2908 mvrnt
1091 2879 1220 2907 Panum..
1253 2879 1278 2907 1.
1303 2880 1334 2907 5.
1380 2879 1467 2908 conr.
1494 2879 1617 2919 Ulpinn.
1636 2880 1675 2909 nd

214 2928 288 2959 gum
317 2923 441 2955 tempus,
469 2924 501 2948 et
526 2916 581 2948 iul
605 2919 706 2960 χρόνον,
733 2921 931 2960 aliquamdiu.
965 2922 1134 2950 Timocrat.
1158 2922 1182 2961 ᾗ.
1198 2920 1235 2958 γ’.
1258 2920 1295 2949 ml
1315 2931 1365 2950 vv.
1393 2921 1439 2950 τὸν
1454 2922 1483 2952 δὴ
1499 2922 1536 2956 αῖς
1557 2933 1585 2952 κ.
1601 2929 1676 2952 ml.

220 2961 269 2991 lt·
285 2959 425 2990 mochin.
442 2959 473 2989 in
494 2960 634 3001 ctesiph.
660 2963 687 3002 ς.
702 2961 740 3000 γ’,
755 2963 795 2992 dc
818 2964 932 2993 Str-te·
968 2969 998 2993 et
1014 2964 1051 2993 ud
1073 2969 1203 2993 nostram
1220 2965 1245 3004 ᾗ.
1261 2964 1308 2993 ud.
1322 2964 1350 2993 in
1367 2965 1432 2994 init.
1457 2970 1487 2994 ct
1512 2965 1678 3005 scriptun-n

220 3004 270 3044 gin
285 3002 444 3043 queritur:
470 3004 492 3033 et
517 3002 576 3035 lvi
593 3006 709 3036 πολὺν
731 3005 789 3036 ἤδη
812 3006 934 3048 χρόνον
969 3017 1019 3046 up.
1038 3007 1158 3038 Meurs.
1178 3010 1241 3038 Au.
1267 3008 1365 3038 laecu.
1398 3009 1433 3038 V.
1459 3012 1489 3039 ὁ.
1505 3018 1539 3039 ao
1555 3009 1676 3039 Coruin.
