1928 3284
225 201 334 255 478

223 317 374 389 μηδεὶς
407 316 552 378 ἄλλος
589 320 725 414 κύριος
749 321 1001 389 γενήσεται·

634 206 1282 255 ΔΗΜΟΣΘΕΝΟΥΣ

1040 324 1279 391 1σ·ἰ·εφοινοι
1306 324 1348 380 δὲ
1373 352 1450 381 και
1475 328 1676 383 οἷτέλειαι

226 416 307 445 και
334 393 530 455 σιτήσεις
554 418 632 447 και
665 421 858 449 rocam-oc
897 396 1035 462 ἔστιν,
1072 399 1125 452 ὠν
1150 400 1205 453 οἶν
1232 427 1315 465 τις,
1350 402 1454 471 α’νηρ
1492 403 1680 471 dyaeSoq

225 467 300 530 ὠν,
344 491 493 534 τυχοι.

225 564 335 633 ἵκει,
362 566 440 594 και
472 568 535 595 τοι
562 567 656 635 παρ
693 542 783 615 ὂῆμ
788 554 839 597 ῒν.

553 468 647 522 Koa
689 495 843 523 ταυτα
875 470 1109 542 αμφότερα
1135 475 1332 567 ὄρθῶς”
1313 501 1427 543 εχει,
1463 501 1542 530 και

1583 477 1679 531 97oe

908 546 1005 598 Δια
1031 567 1106 606 τις
1135 546 1251 601 “Ort
1281 550 1368 610 τοὶς
1391 576 1469 621 μεν
1495 550 1568 604 δια.
1593 577 1678 605 των

222 615 388 682 ολιγων
422 617 661 676 πολιτειας
697 643 748 670 το
784 617 965 679 ’πάντας
1007 618 1124 688 ’ἔχειν
1168 620 1260 674 Z'o-ov
1301 624 1534 688 οἷλλῆλοις,
1578 651 1678 685 τους

225 713 312 740 των
337 714 481 741 κοινων
492 714 688 777 κυριους,
709 693 897 761 ομονοεῒν
922 705 1052 747 ποιεῖ·
1084 720 1161 756 την
1189 693 1230 748 δε
1258 722 1342 748 των
1369 699 1530 768 Δήμων
1556 715 1677 752 ελευ-

221 762 425 838 θερίαν
399 789 424 825 η
450 789 534 816 των
567 764 764 832 &yn-3:011
796 764 950 836 οἷνὸρων
979 767 1181 838 ἅμιλλα,
1212 769 1260 832 ἣν
1295 769 1377 823 ἐπὶ
1412 782 1515 831 ταῖς
1550 773 1679 849 παραὶ

310 887 320 906 ¹
334 886 471 927 στέφανοί
487 899 520 919 τε
535 889 583 919 καὶ
597 890 633 920 Τ.

219 979 293 1008 dum
311 990 381 1009 esse
398 985 587 1019 postremum
603 982 780 1024 1011,νοΙέσο
795 990 863 1015 ante
879 993 933 1025 φυ-

222 1021 310 1051 λακαὶ
325 1023 458 1053 lectum:
481 1024 575 1064 idque
595 1009 758 1064 judicium³
765 1028 809 1058 ita
824 1039 932 1058 verum

221 1070 280 1100 est,
297 1070 330 1095 ut
343 1067 418 1096 nihil
435 1068 565 1105 amplius
581 1069 619 1098 ad
636 1070 796 1100 sanitatem
811 1071 873 1101 loci
885 1082 932 1101 re-

222 1108 369 1146 quiratur.
415 1110 547 1148 Liquido
574 1111 665 1141 simul
689 1118 828 1152 apparet,
859 1114 931 1152 quid

221 1152 337 1181 scribas
368 1152 398 1181 in
428 1162 563 1182 errorem
589 1155 766 1186 deduxerit.
811 1158 933 1196 Nempe

220 1203 328 1223 nomen
350 1202 387 1233 φ’.
386 1196 490 1230 λακαῖ,
519 1196 586 1226 scil.
613 1197 635 1226 εἲ
638 1198 680 1233 σῖ,
705 1209 764 1228 11011
789 1200 932 1229 viderunt

221 1246 290 1265 esse
304 1247 360 1276 pro
376 1239 582 1277 φυλάττουσιν,
597 1241 634 1269 ab
655 1251 752 1280 eoque
771 1243 932 1281 sequentia

219 1280 367 1318 pendere,
379 1280 452 1315 ὅπως
465 1283 564 1321 μηδεῖς
578 1282 665 1317 ἄλλος
676 1284 762 1324 κύςιος·
774 1296 868 1323 *levrici
857 1297 930 1317 =.7·at

220 1324 264 1351 At
279 1326 391 1362 φυλακὴ
407 1326 516 1355 Graece
527 1307 653 1362 dicitur,
669 1332 702 1357 ut
714 1329 822 1358 Latine
836 1336 932 1359 custo·

222 1366 284 1401 dia,
301 1376 357 1405 pro
373 1368 529 1404 custode,
516 1369 582 1399 sive
599 1380 655 1408 pro
667 1381 710 1406 eo,
722 1382 778 1411 quo
792 1373 863 1411 quid
877 1383 930 1402 cu-

222 1389 361 1439 stabitur.
393 1411 442 1440 De
460 1411 577 1441 Latinis
592 1414 744 1443 succurrit
759 1425 837 1444 nunc
852 1426 931 1445 unus

219 1451 308 1482 locus
331 1453 415 1482 Livii
433 1454 490 1483 VI.
506 1458 548 1490 1.,
563 1455 601 1485 de
618 1457 735 1486 Graecis
755 1468 783 1487 v.
801 1459 845 1488 W
848 1468 930 1488 esse-

219 1494 295 1534 ling.
315 1496 353 1525 ad
370 1496 501 1526 Diodor.
514 1498 542 1527 Ι.
561 1500 590 1527 Q,
629 1499 714 1528 Hinc
731 1510 839 1531 sensus
855 1502 931 1531 scri-

218 1542 319 1576 pturae
330 1543 441 1568 nostrae
452 1539 547 1569 oritur
558 1541 623 1570 hic:
638 1542 726 1580 Apud
737 1542 790 1572 Vos
801 1546 930 1573 omnium

218 1590 321 1609 ‘rerum
344 1582 458 1611 arbiter
478 1583 542 1622 (κύς
545 1595 581 1617 aa:
603 1584 711 1617 ταύτης
732 1586 761 1614 11.
779 1597 829 1619 τγς
849 1593 930 1616 πολι-

219 1633 254 1653 τε
257 1622 313 1663 ἴοις)
334 1630 375 1654 est
398 1624 540 1663 Ριριιῖιιε,
565 1631 594 1655 et
613 1632 717 1656 cavent
739 1630 930 1669 magistratus

220 1666 358 1706 legesque,
381 1677 416 1696 ne
447 1669 510 1706 quis
534 1668 614 1697 alius
641 1670 761 1707 imperio
783 1673 929 1709 potiatur.

221 1710 270 1738 De
287 1709 396 1749 legibus
417 1710 540 1748 quidem
562 1710 637 1740 nihil
655 1711 795 1748 dubium,
815 1713 930 1752 quippe

219 1762 296 1790 quas
318 1756 436 1781 constat
454 1753 618 1791 plurimum
641 1753 744 1784 valere
765 1756 804 1784 ad
825 1756 931 1786 liberae

219 1795 356 1824 civitatis
371 1799 482 1825 statum
498 1796 689 1825 firmandum.
734 1798 782 1826 Ne
793 1808 867 1828 vero
883 1799 931 1838 ἆξ-

223 1838 278 1878 xa}
301 1838 422 1877 legibus
445 1848 504 1867 non
529 1839 607 1869 bene
621 1841 735 1877 junctae
759 1840 932 1876 videantur,

221 1881 429 1920 cogitandum,
453 1891 568 1911 annuos
594 1882 795 1921 magistratus,
820 1888 851 1913 et
877 1884 932 1914 ob-

220 1924 332 1954 noxios
346 1924 516 1953 rationibus
532 1925 612 1964 apud
633 1925 784 1963 Populum
802 1926 933 1956 redden-

222 1966 283 2002 dis,
306 1967 487 2006 praeclarum
510 1967 540 1996 in
566 1967 619 1996 tali
645 1969 817 2007 Republica
837 1970 934 1999 muni-

220 2014 355 2039 mentum
367 2020 434 2039 esse
444 2010 608 2045 libertatis,
624 2010 700 2040 adeo
710 2015 744 2041 ut
754 2016 785 2041 et
797 2012 867 2050 ipsa
878 2023 935 2042 vo-

221 2053 331 2082 cabula
347 2053 449 2094 ἀρχῶν,
468 2053 708 2092 τηαὲἰετναιμαηι,
728 2054 872 2093 antiquus
887 2056 934 2085 lo-

223 2095 337 2134 quendi
358 2105 432 2125 usus
462 2106 523 2125 non
553 2100 669 2125 temere
696 2096 735 2126 de
758 2097 819 2126 alio
844 2108 932 2136 quam

222 2139 320 2167 libero
345 2138 461 2176 populo
486 2139 699 2177 frequentarit.
747 2140 796 2169 Ita
821 2141 932 2171 Cicero

222 2181 253 2211 in
269 2182 366 2210 Bruto
383 2192 410 2210 c.
431 2183 483 2210 14.
503 2181 579 2211 (h'cit
599 2181 763 2212 Civitatem
782 2193 837 2221 per
853 2184 932 2214 Bru-

222 2228 287 2254 tum
303 2223 388 2262 regia
403 2224 610 2253 dominatione
625 2225 797 2261 liberatam,
821 2232 852 2256 et
865 2237 933 2255 ma-

221 2267 450 2307 gistratibus
482 2268 628 2302 annuis,
665 2267 819 2308 legibus,
844 2270 934 2308 judi-

221 2312 339 2350 ciisque,
355 2310 529 2339 devinctam.
575 2310 654 2339 Haeo
674 2311 700 2340 si
719 2311 864 2341 Reiskius
881 2313 933 2342 ad-

222 2353 381 2389 vertisset,
404 2352 568 2382 lectionem
596 2353 686 2393 ἆξχαῖ
712 2364 770 2383 11011
801 2355 935 2386 dixisset

220 2396 317 2426 tardis
329 2395 599 2435 grammaticastris
611 2395 728 2432 deberi,
737 2398 864 2436 praelata
876 2398 936 2428 alia

221 2449 388 2479 paucorum
397 2437 524 2468 codd.in
533 2439 635 2477 Marg.
644 2440 826 2478 Ben.,quam
836 2452 934 2480 prope

224 2482 391 2512 ominosam
410 2482 540 2518 dixeris,
561 2481 632 2522 ἀραί.
678 2483 724 2512 Ea
745 2488 844 2513 antem
868 2484 935 2514 viro

225 2525 334 2555 audaci
348 2525 392 2554 ita
407 2524 534 2565 placuit,
552 2528 588 2554 ut
608 2524 685 2554 nibil
705 2526 829 2556 territus
847 2527 935 2563 diris,

224 2569 334 2607 quibus
369 2578 435 2598 eam
465 2567 517 2597 alii
551 2568 691 2598 certatim
723 2569 935 2606 devovissent,

225 2621 312 2641 suum
329 2611 397 2640 bene
415 2612 526 2641 veneris
543 2611 743 2647 succlamans,
764 2611 797 2641 in
816 2617 935 2643 textum

224 2654 392 2684 invexerit.
419 2654 480 2683 Hae
499 2653 574 2694 ἀραὶ,
599 2656 814 2691 exsecrationes,
828 2655 935 2685 viden-

224 2702 273 2726 tur
289 2697 317 2726 ei
333 2697 490 2736 capiendae
505 2698 543 2726 de
555 2698 721 2736 praeconio,
731 2709 790 2737 qno
803 2698 935 2737 singulis

225 2739 366 2770 ecclesiis
388 2740 581 2770 insidiatores
604 2741 762 2780 popularis
782 2741 934 2772 libertatis

225 2783 361 2812 damnari
383 2783 532 2812 solebant.
577 2783 658 2813 Nota
679 2795 729 2814 res
753 2795 793 2814 ex
815 2785 933 2815 Aristo-

226 2826 334 2864 phane,
359 2830 390 2855 et
407 2825 472 2864 egit
491 2826 529 2855 de
552 2836 588 2855 ea
603 2826 724 2856 Petitus
741 2828 803 2857 LL.
820 2829 886 2857 AA.
903 2839 934 2878 p.

227 2871 300 2899 289.
325 2869 538 2898 Commeatum
553 2879 626 2898 sane
639 2870 789 2909 lepidum!
816 2872 895 2900 Nam
907 2871 934 2901 si

225 2910 286 2940 ista
301 2921 360 2940 vox
375 2912 537 2950 praeconis,
553 2912 580 2941 si
596 2922 692 2941 vanus
707 2912 766 2943 iste
783 2913 860 2943 ritus
876 2924 934 2953 pro

891 894 904 913 ²
919 893 1007 923 τάκεῖ
1019 893 1057 923 R.

1316 894 1424 934 Βὺμῖν.
1441 895 1519 926 διατί
1526 907 1534 934 ;
1557 897 1594 927 Τ.

967 983 1098 1022 improbi
1115 995 1132 1014 a
1143 989 1289 1024 suggestu
1303 987 1500 1016 arcebantur?
1524 988 1584 1017 Sed
1596 988 1679 1027 quod

967 1027 1058 1056 etiam
1076 1028 1172 1066 magis
1192 1027 1322 1064 mireris,
1348 1029 1488 1068 proxima
1507 1031 1612 1066 verba,
1629 1030 1679 1060 καὶ

967 1069 1106 1108 eunicae,
1123 1071 1160 1099 ab
1176 1071 1285 1100 eodem
1301 1071 1418 1101 editore
1434 1073 1627 1112 explicantur
1638 1074 1678 1104 de

968 1114 1196 1152 magistratibus.
1229 1115 1316 1143 Itane
1333 1115 1424 1145 vero?
1447 1116 1648 1166 Magistratus
1661 1126 1679 1145 a

966 1155 1034 1185 loco
1049 1165 1109 1185 11011
1123 1155 1238 1185 alienos
1255 1162 1370 1193 censet,
1383 1159 1474 1187 modo
1490 1159 1678 1188 exsecratio-

966 1208 1020 1227 nes
1035 1199 1202 1228 accedant?
1225 1200 1312 1229 Talia
1325 1181 1466 1230 rei'ellere
1481 1211 1539 1231 11011
1555 1201 1675 1241 placet:

965 1241 1043 1270 adeo
1060 1246 1131 1271 sunt
1145 1241 1263 1280 putida.
1286 1244 1322 1272 F.
1335 1243 1506 1274 A.W01,1⁷.

1007 1284 1061 1313 Καὶ
1082 1286 1180 1314 araz-ra
1199 1284 1315 1324 ἄαφὸτε
1317 1296 1350 1324 ρι’.
1364 1285 1451 1326 ὀρθῶς
1463 1285 1591 1328 εχει-]
1615 1286 1679 1316 Cur

965 1326 1037 1357 11.1.
1062 1331 1124 1357 tam
1148 1327 1227 1357 belle
1251 1333 1420 1358 tractentur
1444 1329 1680 1366 Lacedaemonii,

965 1379 1020 1399 cur
1042 1373 1101 1399 tam
1125 1371 1235 1400 acerbe
1257 1371 1404 1406 Thebani,
1426 1372 1493 1402 dixi
1515 1372 1544 1401 in
1567 1372 1678 1402 Prole-

964 1422 1076 1451 gomm.
1099 1413 1169 1442 Alio
1186 1418 1322 1453 tempore
1339 1414 1366 1444 si
1379 1415 1492 1445 Orator
1507 1416 1545 1444 de
1557 1415 1608 1444 his
1620 1425 1677 1453 po-

964 1455 1045 1494 pulis
1069 1456 1207 1492 dixisset,
1228 1457 1318 1496 longe
1333 1457 1465 1487 dixisset
1479 1457 1579 1488 aliter.
1624 1458 1677 1487 Sic

964 1503 995 1527 et
1010 1499 1162 1528 Isocrates
1175 1504 1205 1528 et
1222 1499 1273 1528 alii
1284 1500 1400 1530 variant
1414 1501 1518 1530 stilum
1531 1510 1586 1539 pro
1598 1504 1676 1529 tem-

963 1551 1050 1579 pore,
1067 1552 1157 1580 quum
1173 1542 1211 1570 de
1227 1542 1381 1571 Thebanis
1398 1543 1548 1573 scribunt.
1570 1543 1676 1573 IDEM.

1000 1582 1070 1612 “Ort
1090 1586 1145 1618 τὰς
1163 1583 1218 1623 μὲν
1238 1584 1283 1613 διὰ
1303 1587 1357 1613 τῶν
1372 1584 1469 1622 ὀλίγων
1483 1583 1629 1618 πολιτείας
1643 1584 1677 1614 τὸ

963 1625 1074 1677 πάντ-ἦς
1084 1624 1157 1666 ἔχειν
1171 1627 1226 1655 ἴσον
1236 1627 1379 1663 ἀλλήλοις,
1392 1629 1455 1662 τοὺς
1465 1630 1520 1657 τῶν
1529 1629 1617 1656 κοινῶν
1627 1637 1677 1658 κυ-

961 1666 1038 1707 ρίους,
1049 1668 1165 1707 ὁμονοεῖν
1177 1669 1266 1709 ποιεῖ]
1289 1670 1552 1700 Constructionem
1563 1674 1680 1699 mutata

963 1710 1073 1739 leviter
1096 1711 1290 1740 distinctione
1313 1712 1429 1750 adjuvi.
1463 1712 1532 1742 Jam
1550 1713 1678 1751 junges.

964 1751 1007 1780 o'Tl
1021 1763 1054 1782 79
1075 1753 1194 1787 ωαντᾶς
1216 1764 1280 1786 Τους
1302 1765 1358 1783 ’των
1378 1755 1467 1782 ΜΙῚΞΝ
1488 1753 1591 1794 Χυξίῧυς
1605 1754 1681 1795 ἔχει,

965 1794 1022 1823 ἴσον
1037 1794 1172 1828 ἀλληλοις
1185 1796 1262 1825 ποιεῖ
1278 1796 1394 1835 ὃμονοεῖν
1415 1797 1470 1829 τὰς
1492 1797 1539 1826 διὰ.
1553 1799 1608 1826 τῶν
1622 1796 1680 1827 ὄλί·

965 1847 1019 1874 γων
1034 1835 1191 1871 πολιτείας.
1216 1838 1278 1868 Ubi
1296 1839 1427 1874 notabis,
1442 1840 1608 1869 maximum
1623 1841 1680 1870 bo-

966 1889 1036 1908 num
1065 1879 1243 1918 oligarchiis
1264 1881 1358 1911 tribui
1384 1882 1579 1911 concordiam
1599 1883 1680 1913 inter

967 1922 1143 1961 optimates,
1156 1933 1226 1952 cum
1238 1925 1388 1954 servitute
1400 1929 1572 1954 ceterorum
1584 1925 1682 1955 omni-

968 1975 1018 1994 um
1043 1965 1106 1995 fere
1132 1968 1337 2005 conjunctam,
1362 1972 1394 1996 et
1417 1967 1488 1996 huic
1514 1967 1679 2007 splendide

969 2008 1084 2046 opponi
1100 2008 1333 2039 Atheniensium
1347 2010 1532 2040 libertatem.
1554 2011 1603 2040 De
1618 2011 1681 2040 sor-

967 2061 1015 2080 ma
1031 2052 1185 2090 Spartanae
1201 2052 1293 2091 Reip.
1305 2052 1438 2092 protrita
1449 2053 1559 2083 omnia.
1583 2053 1680 2083 Athe-

966 2094 1126 2123 niensibus
1148 2104 1242 2133 quum
1267 2105 1303 2124 ea
1326 2095 1481 2125 videretur
1503 2095 1594 2133 vulgo
1610 2106 1678 2126 esse

966 2135 1131 2177 ὄλιγαξχίι,
1144 2136 1206 2175 ipsi
1223 2137 1461 2173 Lacedaemonii,
1478 2137 1609 2177 gratiore
1624 2148 1680 2168 vo-

967 2180 1088 2215 cabulo,
1125 2179 1339 2220 ἆξιστοκρατίαν
1375 2180 1480 2210 dicere
1517 2181 1680 2211 malebant.

967 2223 1048 2252 Vere
1071 2222 1169 2251 mixta
1191 2227 1268 2258 erat,
1291 2228 1322 2253 et
1344 2223 1508 2262 antiquiori
1531 2224 1679 2254 Romanae

968 2265 1089 2300 similis,
1106 2270 1138 2294 ut
1153 2266 1230 2295 bene
1245 2266 1416 2295 Menander
1436 2266 1544 2296 scribit
1559 2267 1598 2296 de
1617 2268 1679 2297 En-

968 2318 1046 2338 com.
1063 2309 1124 2337 111.
1143 2312 1173 2339 1.
1196 2308 1340 2338 Ceterum
1355 2309 1435 2338 conf.
1451 2319 1520 2338 cum
1536 2309 1595 2338 boc
1609 2310 1678 2339 loco

967 2356 1071 2381 nostro
1082 2351 1316 2390 Thucydidem
1332 2353 1378 2381 II.
1395 2354 1448 2382 37.
1472 2353 1578 2382 lom.

1010 2395 1080 2428 Τοὺς
1091 2396 1145 2424 τῶν
1157 2395 1260 2435 κοινῶν]
1282 2395 1416 2424 ΣῩΟΙΕΙΕ
1428 2395 1509 2424 hunc
1517 2395 1619 2425 locum
1633 2395 1680 2424 in·

968 2442 1165 2476 terpretatur,
1176 2438 1305 2476 perinde
1321 2448 1356 2467 ac
1372 2438 1401 2467 si
1415 2439 1534 2467 Textus
1548 2438 1592 2467 ita
1603 2448 1680 2477 pun·

968 2481 1028 2510 ctis
1044 2481 1254 2510 ordinaretur:
1281 2482 1338 2514 τὰς
1351 2480 1395 2510 διὰ
1416 2483 1470 2510 τῶν
1483 2479 1582 2519 ὀλίγων
1595 2486 1678 2511 πολι-

968 2522 1056 2558 τείας,
1067 2522 1101 2553 τὸ
1112 2524 1224 2558 πάντας
1237 2522 1312 2564 ἔχειν
1326 2523 1383 2553 ἴσον
1397 2524 1531 2556 ἀλλήλοις
1544 2525 1609 2559 τοὺς
1623 2525 1679 2553 τῶν

967 2569 1056 2596 κοινῶν
1080 2566 1194 2607 κυξίους,
1219 2566 1335 2606 ὁμονοεῖν
1359 2567 1442 2596 ποιεῖ.
1487 2567 1529 2596 Et
1554 2566 1677 2596 omnino

967 2614 1063 2639 recte.
1086 2611 1134 2639 lta
1147 2609 1284 2648 explicat
1297 2609 1468 2648 Ulpianus·
1487 2609 1501 2638 ἦ
1517 2607 1600 2638 εὔνοια
1610 2607 1678 2644 ἐκεῖ,

968 2662 1000 2680 ξκ
1014 2653 1063 2682 Τοῦ
1079 2651 1146 2682 &aab
1166 2663 1277 2686 παντᾶς
1298 2664 1363 2686 Tou:
1383 2652 1522 2692 ἆξχθῖτας
1537 2651 1621 2684 issam·
1638 2662 1678 2681 ἕν·

968 2706 1023 2724 ταν
1009 2695 1068 2725 &a
1084 2695 1124 2731 δὲ,
1141 2694 1172 2724 ἐκ
1186 2696 1236 2724 τοῦ
1254 2694 1414 2736 λαμβάνειν
1426 2696 1482 2727 τὰς
1494 2691 1576 2732 ἀξίας
1590 2694 1676 2735 (lege

967 2739 1015 2767 τοὺ
1019 2737 1143 2776 :ig-‘0113'
1146 2738 1160 2777 )
1180 2738 1283 2777 τιμάς.
1293 2708 1429 2776 μΙΛοῑιςε
1453 2736 1541 2766 aliter
1563 2737 1677 2766 Versio

967 2761 1096 2810 Italica
1090 2803 1096 2809 .
1131 2780 1287 2811 Percioche
1306 2782 1352 2809 ne’
1370 2781 1490 2820 gozerni
1514 2778 1559 2809 ‹le'
1579 2779 1675 2818 pochi,

969 2823 990 2853 l'
1005 2824 1109 2853 havere
1125 2824 1197 2853 tutti
1213 2823 1302 2864 egual
1324 2828 1417 2861 parte,
1435 2823 1512 2852 tiene
1530 2821 1560 2852 d'
1576 2832 1676 2852 accor-

968 2867 1004 2896 do
1029 2867 1040 2895 i
1061 2865 1193 2906 Signori.
1221 2872 1252 2896 et
1276 2867 1406 2896 Batava·
1439 2865 1517 2899 Quia
1542 2865 1575 2894 in
1595 2875 1677 2903 pau-

967 2919 1065 2939 corum
1080 2910 1252 2948 principatu
1274 2909 1402 2938 dontinus
1416 2907 1503 2947 Reip.
1525 2907 1677 2937 concordes

224 2954 323 2982 fulcro
342 2954 492 2984 libertatis
507 2954 611 2984 haberi
626 2959 741 2994 potest,
761 2956 867 2995 quidni
882 2967 933 2987 eo-
955 2951 1051 2993 facit
1075 2961 1099 2981 8²
1127 2962 1193 2991 pur!
1221 2956 1359 2992 potestate
1387 2960 1481 2981 omnes
1506 2950 1674 2991 fruamur·

225 2996 294 3026 dem
307 2998 376 3035 jure
385 2997 499 3036 τοξόται
512 2997 643 3036 possint,
655 3009 783 3037 quorum
792 3000 931 3031 manibus

967 2996 1125 3025 TAYLon.

1706 715 1785 752 490

1920 1214 1928 1310 ,μιᾳ
1920 1149 1928 1200 Α-..
1922 1075 1928 1132 .-
