1928 3284
760 475 796 517 1.
827 471 1168 517 TAYLORI

621 603 666 656 P
709 602 759 654 R
800 601 871 655 ΣΕ
914 600 956 654 F
997 600 1049 653 A
1088 597 1136 652 T
1179 596 1204 649 I
1245 593 1295 648 O

937 745 983 764 ΛΙ.)

741 842 1188 890 ORATIONEM

444 970 1479 1064 DEMOSTHENIS

935 1139 978 1162 DE

574 1242 736 1281 MALE
767 1228 952 1280 GESTA
981 1235 1338 1278 LEGATIONE.

269 1381 418 1423 uanas,
434 1381 580 1422 Lector,
594 1381 708 1427 primo
724 1378 984 1414 Demosthenis
998 1378 1211 1413 Orationem
1221 1375 1476 1415 decantatam;
1493 1371 1539 1407 ad
1556 1369 1693 1416 optima

219 1434 308 1476 fere,
329 1447 414 1482 quae
432 1437 577 1481 reperiri
596 1438 774 1481 poterant,
791 1434 1014 1479 exemplaria
1031 1445 1052 1467 a
1068 1444 1127 1468 me
1143 1430 1378 1473 recensitam,
1396 1437 1595 1472 eorumque
1611 1436 1695 1470 ope,

220 1491 323 1536 quod
339 1493 404 1526 vix
422 1492 592 1526 credibile
609 1491 807 1525 existimari
829 1493 960 1535 potest,
980 1488 1188 1535 quingentis
1211 1486 1356 1522 circiter
1377 1484 1416 1519 in
1440 1484 1528 1519 locis
1550 1481 1696 1517 restitu-

221 1550 320 1582 tam:
353 1547 487 1582 deinde
519 1546 704 1583 AEschinis
734 1545 1005 1587 Defensionem‚
1035 1554 1178 1579 summa
1205 1542 1334 1578 itidem
1366 1551 1456 1575 cura
1483 1537 1694 1584 expolitam.

221 1600 354 1647 Neque
380 1612 437 1636 me
462 1602 591 1637 infiniti
609 1601 681 1636 fere
704 1600 847 1642 laboris,
865 1611 974 1645 quem
1003 1599 1199 1639 exantlavi,
1225 1597 1394 1643 poenitet.
1444 1595 1554 1636 Nam,
1579 1594 1621 1626 ut
1647 1590 1694 1626 ad

221 1659 416 1701 utramque
434 1657 703 1691 contentionem
729 1655 924 1690 reseramus
951 1665 1006 1698 ca,
1027 1665 1111 1699 quae
1128 1654 1222 1688 dixit
1238 1653 1368 1688 Cicero
1385 1650 1430 1685 de
1455 1650 1578 1692 altera,
1596 1645 1696 1686 Quid

218 1717 291 1745 tum
303 1711 478 1746 visendum
494 1718 553 1746 aue
567 1711 774 1746 audiendum
777 1709 871 1756 sicit,
885 1722 988 1756 quam
999 1720 1212 1744 summorum
1225 1706 1416 1743 oratorum
1429 1704 1466 1740 in
1476 1701 1694 1751 gravissimis

218 1767 332 1802 causis
346 1775 510 1802 accurata
527 1774 559 1801 et
576 1767 768 1802 inimicitiis
783 1766 922 1800 incensa
938 1764 1144 1800 Contentio?

267 1823 352 1857 Non
369 1824 483 1859 multa
499 1826 597 1864 sunt,
613 1834 697 1868 qnae
716 1823 757 1857 iis
783 1822 899 1856 habeo
925 1821 1122 1866 praefanda.
1170 1819 1365 1855 Neminem
1382 1818 1428 1853 ad
1445 1828 1507 1852 eas
1523 1824 1691 1850 accessu-

219 1889 299 1913 rum
318 1890 396 1913 esse
412 1879 572 1917 arbitror,
589 1879 656 1912 nisi
669 1878 831 1913 Historia
843 1878 973 1912 Graeca
988 1876 1113 1911 leviter
1125 1876 1253 1910 saltem
1271 1875 1467 1916 imbutum,
1484 1879 1691 1914 rerumque,

218 1944 302 1979 quae
320 1934 542 1969 Macedonia
566 1938 603 1968 et
626 1933 781 1968 Athenis
808 1933 876 1967 hoc
899 1937 1066 1976 tempore
1083 1931 1326 1976 agitabantur,
1343 1930 1531 1964 scientem.
1580 1923 1691 1968 Quod

217 1990 373 2035 siquem
397 1991 570 2025 lectorem
594 2000 638 2024 ea
662 1989 808 2033 negotia
833 1988 1011 2022 hactenus
1033 1987 1202 2031 fugerint,
1229 1985 1316 2020 satis
1341 1988 1464 2020 tamen
1492 1983 1690 2017 instructus

217 2055 296 2078 esse
314 2045 447 2089 poterit
472 2056 492 2077 a
510 2044 675 2088 diligenti
700 2043 848 2078 istarum
873 2054 994 2077 rerum
1018 2045 1298 2087 temporumque
1318 2039 1558 2079 Recensione,
1578 2046 1690 2082 quam

218 2098 399 2144 Ulpianus
411 2099 513 2143 (nam
529 2099 708 2134 Libanius
723 2098 865 2133 brevior
877 2099 949 2142 est)
962 2098 1045 2132 hnic
1060 2097 1216 2131 orationi
1230 2095 1488 2131 Demosthenis
1500 2092 1690 2139 praefixam

217 2165 283 2199 pro
302 2155 528 2198 Argumento
543 2166 622 2189 esse
638 2155 765 2189 voluit.
794 2155 846 2189 Et
860 2154 946 2199 quia
959 2164 1069 2188 nemo
1087 2152 1174 2195 sere,
1191 2153 1259 2187 nisi
1276 2151 1446 2197 perlectis
1466 2147 1690 2194 Philippicis,

220 2208 292 2243 huo
319 2210 554 2254 progreditur,
579 2213 783 2254 eapropter,
805 2209 978 2255 quoniam
1009 2209 1126 2242 multa
1154 2207 1292 2242 exindo
1322 2211 1406 2241 sunt
1433 2202 1690 2250 depromenda,

219 2263 396 2305 (maxime
414 2276 461 2299 ex
479 2266 681 2310 Philippica
694 2265 746 2300 11.
765 2276 849 2310 quae
876 2268 931 2298 cst
955 2264 1064 2307 liujus
1081 2263 1351 2308 quodammodo
1367 2260 1538 2295 orationis
1555 2257 1692 2303 aditus)

222 2317 408 2359 Historiae,
420 2323 460 2353 ut
477 2320 610 2364 passim
627 2320 737 2361 soleo,
752 2319 1016 2354 concinnanda»
1034 2321 1071 2353 ct
1087 2318 1345 2363 praeponendae
1364 2316 1598 2362 supersedere
1616 2323 1691 2347 ma-

214 2383 298 2416 Jore
315 2384 398 2408 cuin
417 2385 522 2408 venia
539 2385 698 2418 possum.

266 2429 319 2463 At
334 2429 472 2463 interea
489 2429 662 2463 nonnulla
678 2432 763 2463 sunt
788 2438 874 2462 sanc
901 2439 922 2462 a
939 2439 996 2462 me
1013 2429 1161 2462 minime
1187 2426 1414 2471 negligenda.
1463 2423 1688 2460 Gravissiine

218 2483 316 2518 enim
334 2485 371 2518 in
386 2484 512 2518 Titulo
529 2488 716 2528 peccatur;
741 2488 778 2518 et
793 2494 841 2518 ex
859 2484 1039 2525 omnibus,
1055 2486 1130 2518 tam
1153 2482 1321 2527 antiquis,
1337 2491 1448 2527 quam
1468 2478 1690 2514 Recentiori-

221 2538 301 2580 bus,
316 2539 379 2583 qui
403 2539 553 2573 laudaut
570 2539 662 2573 hanc
682 2539 894 2573 Orationem
913 2538 1182 2580 Demosthenis,
1197 2538 1385 2582 (laudatur
1400 2539 1534 2574 autem,
1549 2533 1610 2567 illa
1627 2532 1685 2566 De

219 2592 356 2627 Corona
372 2598 539 2639 excepta,
555 2605 629 2639 prae
644 2595 784 2629 caeteris
798 2594 869 2628 sere
883 2593 1066 2639 omnibus)
1087 2593 1270 2627 neminem
1283 2591 1328 2625 ad
1347 2591 1442 2625 huuc
1457 2589 1552 2622 diem
1571 2597 1687 2632 usquo

220 2648 306 2690 vidi,
321 2650 385 2694 qui
408 2654 506 2684 reete
524 2651 664 2695 riteque
681 2650 888 2695 appellavit.
941 2650 1024 2683 Κατ’
1048 2650 1213 2693 Αἰσχίνου
1232 2646 1408 2687 nonnulli,
1425 2648 1465 2679 ut
1483 2644 1687 2678 Priscianus

218 2703 419 2748 aliquoties,
455 2704 634 2750 Ulpianus
666 2706 884 2750 frequenter,
913 2705 1057 2746 suidas,
1091 2703 1344 2748 Harpocratio.
1375 2700 1528 2744 aliique:
1567 2698 1685 2733 Iidem

218 2758 442 2804 quandoque
461 2763 538 2804 Περὶ
555 2764 619 2801 τῆς
633 2761 922 2805 παραπρεσβείας,
941 2762 1033 2794 utet
1046 2759 1108 2793 alii
1126 2758 1283 2804 plurimi.
1311 2756 1432 2790 Etiam
1460 2753 1685 2799 conjunctim

219 2813 396 2855 nonnulli,
424 2816 506 2849 Κατ’
525 2818 689 2860 Αἰσχίνου
716 2819 790 2860 περὶ
816 2819 881 2856 τῆς
906 2816 1182 2860 παραπρεσβείας
1199 2815 1312 2857 λόγος.
1361 2810 1493 2845 Paucis
1512 2810 1684 2854 denique,

218 2868 312 2902 inter
328 2880 419 2913 quon
436 2875 492 2905 est
510 2871 705 2916 Dionysius
717 2870 1058 2912 llalicarnassensis,
1079 2870 1271 2912 Κατηγορία
1291 2867 1467 2910 Αἰσχίνου.
1509 2865 1584 2907 Qui
1601 2865 1686 2899 Κατ’

220 2924 385 2966 Αἰσχὶνου
402 2925 610 2969 simpliciter
627 2926 823 2971 appellant,
836 2926 922 2959 satis
933 2925 1082 2970 quidem
1101 2922 1334 2966 distinguunt
1349 2921 1395 2955 ab
1409 2920 1470 2954 ina
1486 2920 1597 2954 altera
1610 2919 1687 2953 De-

220 2976 430 3020 mosthenis,
459 2990 543 3024 quoe
569 2984 625 3015 est
653 2980 711 3016 De
735 2980 884 3014 Corona.
937 2979 1032 3013 Nam
1065 2981 1234 3013 accurate
1265 2975 1469 3020 scribendo,
1496 2977 1608 3010 κατὰ
1634 2974 1682 3009 ad

270 3041 356 3065 vot.
378 3042 417 3068 tt.
908 3037 930 3067 2
949 3044 968 3065 ‹-
