1928 3284
213 207 321 261 370
675 215 838 257 FRID.
873 215 1013 257 AUG.
1048 215 1269 256 WOIFII

221 332 394 370 videmur
425 329 535 368 nobis
563 342 627 367 eos
657 343 815 379 quoque
847 329 1066 379 adjuvasse,
1101 331 1168 380 qui
1189 330 1288 368 forte
1309 343 1331 367 a
1351 330 1507 367 Graecae
1536 328 1681 379 linguae

222 393 444 444 cognitione
459 391 724 442 imparatiores
741 391 790 428 ad
813 391 911 428 hanc
927 391 1135 429 lectionem
1155 391 1405 430 accesserint.
1457 391 1568 428 Patet
1582 390 1681 439 jam,

224 467 304 504 quo
322 454 359 491 in
382 454 477 491 orbe
498 466 624 490 rerum
643 459 682 489 et
702 451 976 489 sententiarum
998 460 1170 491 versetur
1187 454 1343 491 Oratio:
1367 452 1404 489 in
1423 465 1502 501 quo
1520 452 1682 488 multum

223 515 439 565 adjumenti
463 521 520 552 est
541 515 588 551 ad
619 513 754 550 melius
783 512 1091 562 intelligendum.
1140 515 1320 552 Attamen
1355 519 1395 551 ut
1427 526 1471 551 ea
1502 525 1525 550 a
1553 512 1685 558 nobis,

227 577 295 627 qui
320 577 494 627 legimus,
517 575 646 625 quoad
667 574 751 623 ejus
771 573 856 611 fieri
877 574 1012 624 possit,
1034 575 1172 613 eodeni
1198 576 1315 613 modo
1335 575 1585 625 intelligatur,
1607 586 1687 623 quo

227 639 427 678 intellecta
448 637 646 687 quondam
667 642 726 673 est
745 636 794 673 ab
816 635 876 680 iis,
893 637 960 686 qui
980 637 1187 675 Oratorem
1207 651 1337 675 coram
1359 637 1586 674 audierunt:
1616 638 1687 673 im-

230 701 366 752 primis
387 698 663 750 cognoscenda
693 704 751 736 est
781 698 893 745 ratio,
928 711 1016 748 quae
1038 699 1204 738 Athenis
1234 700 1416 746 obtinuit,
1437 700 1688 750 publicorum

229 774 432 800 munerum
462 759 736 805 curandorum,
773 772 843 796 nec
878 772 954 797 non
988 761 1113 811 legum
1141 762 1190 799 ad
1220 761 1414 811 Populum
1443 760 1688 800 ferendarum

229 821 639 873 abrogandarumque.
690 820 844 864 Quibus
866 820 915 859 de
934 822 1062 869 rebus,
1083 822 1257 860 nondum
1278 822 1327 860 ab
1348 824 1453 859 omni
1472 828 1580 871 parte
1596 823 1692 859 alio-

228 897 312 921 rum
343 896 435 921 cura
462 882 678 927 illustratis,
698 882 814 932 longa
839 888 941 919 esset
961 883 1178 933 disputatio
1198 888 1344 932 nostra,
1374 885 1404 920 si
1435 895 1499 920 eas
1529 888 1694 932 propter

224 943 292 994 jus
315 944 488 982 Atticum
520 950 802 981 tractaremus:
836 957 938 982 nunc
968 946 1060 982 satis
1081 945 1155 983 erit
1174 945 1356 996 persequi
1384 958 1442 991 ea,
1464 957 1552 995 quae
1574 945 1692 995 hujus

231 1005 455 1056 scriptionis
471 1005 688 1042 institutum
711 1017 873 1055 poscere
891 1005 1101 1044 videbitur.
1118 1009 1133 1030 ‘¹

286 1071 370 1108 Jam
392 1069 557 1119 primum
580 1069 674 1106 illud
706 1075 873 1114 constat,
902 1069 1122 1107 libertatem
1145 1083 1265 1115 suam,
1287 1075 1490 1121 tantopere
1505 1070 1693 1120 jactatam

234 1131 562 1180 celebratamque,
591 1130 683 1166 olim
714 1129 838 1167 civem
860 1131 1048 1176 Atticum,
1071 1138 1112 1170 ut
1141 1133 1374 1177 Romanum,
1394 1137 1431 1168 et
1457 1138 1499 1168 ut
1527 1132 1694 1181 quisque

235 1192 275 1230 in
298 1192 491 1230 simillima
507 1192 676 1242 Republ.
696 1191 844 1237 vixerit,
866 1192 968 1229 haud
985 1205 1107 1242 parvo
1125 1192 1337 1230 redemtam
1355 1193 1549 1230 habuisse.
1593 1193 1696 1230 Nam

236 1255 293 1293 uti
324 1256 371 1298 is,
405 1255 472 1303 qui
507 1253 664 1290 civitate
696 1253 828 1290 Attica
861 1253 1076 1298 fruebatur,
1101 1254 1235 1291 summi
1265 1260 1347 1291 erat
1374 1253 1525 1291 consilii
1548 1253 1697 1303 publici

235 1316 447 1366 particeps,
477 1320 595 1364 atque
627 1327 859 1352 summorum
891 1314 1079 1352 honorum
1112 1316 1260 1353 aditum
1294 1321 1490 1365 patentem
1514 1315 1698 1361 habebat,

240 1385 400 1428 aequato
431 1378 599 1415 omnium
623 1377 714 1426 jure
734 1382 771 1413 et
794 1383 990 1426 potestate
1012 1378 1256 1429 imperandi;
1289 1378 1341 1415 ita
1363 1377 1527 1415 eundem
1558 1384 1701 1427 praeter

201 1463 204 1465 Δ
237 1441 357 1493 ipsius
381 1440 551 1491 publicae
573 1452 676 1477 curae
700 1439 893 1476 molestias
916 1439 1035 1477 multa
1057 1447 1096 1477 et
1115 1453 1250 1490 magna
1271 1439 1438 1489 negotia,
1461 1439 1646 1489 impensae
1662 1446 1701 1477 et

239 1503 448 1540 ministeria
478 1502 707 1547 onerabant,
731 1502 768 1538 in
794 1514 997 1538 commune
1018 1501 1212 1539 facienda.
1270 1502 1314 1538 ln
1336 1514 1415 1551 quo
1435 1514 1575 1551 genere
1599 1509 1700 1547 sunt,

238 1571 282 1603 ut
309 1565 384 1603 alia
411 1569 652 1614 praeteream,
676 1563 799 1600 minus
821 1576 908 1599 cum
940 1563 1014 1600 hoc
1043 1564 1128 1600 loco
1154 1562 1377 1611 conjuncta,
1407 1563 1446 1599 αἱ
1475 1563 1702 1613 λειτουργίαι

239 1626 436 1675 ἐγκύκλιοι,
457 1637 619 1674 quarum
650 1623 786 1661 crebra
822 1623 884 1660 hic
916 1624 1061 1661 mentio
1086 1623 1131 1661 fit
1159 1623 1262 1674 apud
1285 1624 1490 1661 Oratorem
1515 1631 1701 1661 nostrum.

242 1688 378 1726 Latine
407 1699 485 1724 non
510 1684 758 1723 incommode
787 1685 1052 1735 interpreteris
1071 1698 1231 1723 munera
1251 1684 1437 1730 solennia,
1458 1689 1575 1729 stata,
1600 1685 1704 1723 ordi-

239 1750 386 1787 narias
435 1749 532 1785 Haec
554 1747 654 1785 enim
683 1747 721 1783 in
749 1746 845 1783 urbe
877 1746 980 1784 nullo
1000 1754 1177 1797 tempore
1205 1746 1572 1792 intermsttebantm,
1593 1759 1705 1784 cura-

240 1811 346 1850 tione
367 1823 436 1861 per
456 1809 579 1847 tribus
599 1815 715 1845 eunte
738 1807 776 1844 in
793 1808 941 1844 orbem.

242 1877 415 1925 σιαρχία,
437 1872 616 1913 ἑστίασις.

246 1941 285 1975 et
303 1930 554 1986 τριηραρχίαι.Γ

287 2042 302 2063 <¹
314 2043 494 2072 Tractarunt
512 2040 645 2080 priorem
669 2046 786 2080 partem
803 2041 841 2070 de
856 2050 960 2070 mune-

246 2084 331 2114 ribus
349 2085 491 2123 Sigonius
506 2085 534 2114 in
551 2085 630 2113 libro
644 2085 682 2113 de
701 2084 837 2122 Republ.
853 2084 960 2112 Athen.

246 2129 306 2157 IV.
322 2131 351 2158 4.
369 2133 399 2157 et
411 2128 533 2157 Petitus
553 2128 618 2156 LL.
631 2128 697 2156 AA.
713 2127 777 2156 111.
796 2131 826 2156 4.
843 2136 873 2164 p.
887 2127 962 2155 349.

249 2181 347 2210 seqq„
383 2170 494 2208 aliique
525 2170 647 2207 plures:
680 2174 710 2198 et
750 2169 961 2198 difficillimum

247 2214 347 2243 locum
374 2214 412 2242 de
437 2212 626 2247 trierarchia,
646 2212 736 2241 etiam
769 2213 808 2240 G.
825 2211 963 2240 Budaeus

250 2256 289 2286 de
309 2257 388 2286 Asse
413 2260 444 2284 et
474 2255 611 2293 partibus
638 2257 703 2293 ejus
728 2253 780 2283 lib.
802 2254 841 2283 V.
867 2263 900 2292 p.
923 2263 963 2281 m.

252 2301 326 2330 531.
343 2309 429 2337 seqq.
445 2298 592 2327 Scheffer.
604 2298 642 2327 de
662 2297 754 2326 Milit.
781 2307 847 2326 nav.
871 2297 916 2325 ΙΙ.
933 2297 963 2324 4.

252 2347 284 2372 et
299 2340 490 2371 Tourrellius
507 2340 536 2369 in
553 2340 644 2369 Notis
669 2341 706 2369 ad
735 2339 892 2368 Demosth.
910 2339 964 2367 Or.

252 2386 292 2414 de
307 2385 426 2414 Corona
444 2383 552 2422 gallice
566 2392 583 2412 a
602 2393 634 2412 se
654 2391 767 2412 versam
782 2382 812 2411 in
830 2383 966 2411 OEuvres

254 2429 292 2457 de
306 2428 351 2457 M.
368 2426 522 2461 Tourreil,
549 2426 649 2461 Paris,
677 2427 771 2454 1721.
798 2429 828 2455 8.
856 2425 892 2454 Τ.
910 2424 966 2453 IV.

253 2481 284 2510 p.
306 2472 380 2500 501.
398 2479 484 2508 seqq.
529 2468 602 2507 Qui,
620 2478 687 2507 quae
710 2467 806 2496 virtus
822 2472 870 2496 est
896 2466 968 2495 Gal-

254 2514 353 2543 lorum
371 2523 456 2551 paene
475 2511 608 2551 propria,
631 2510 776 2545 dilucide,
799 2510 968 2547 multoque,

256 2567 345 2595 quam
376 2555 496 2584 Petitus
521 2560 552 2583 et
575 2553 638 2589 alii,
663 2553 764 2592 aptius
780 2553 818 2581 ad
834 2562 969 2581 commu-

256 2609 325 2628 nem
355 2598 587 2636 intelligentiam
617 2597 656 2625 de
695 2606 730 2624 ea
761 2605 795 2624 re
832 2594 968 2633 scripsit.

257 2643 319 2671 Sed
337 2651 390 2670 nos
404 2641 519 2679 passim
537 2650 572 2669 ea
588 2639 760 2673 afferemus,
782 2648 850 2676 quae
868 2642 970 2666 osten-

259 2685 344 2719 dant,
355 2684 451 2713 libros
472 2683 547 2713 istos
562 2683 659 2712 lectos
684 2693 701 2711 a
714 2680 801 2710 nobis
817 2690 897 2714 esse,
914 2689 971 2708 non

260 2727 450 2765 exscriptos.

303 2769 452 2822 0Ulpian.
461 2769 498 2797 ad
515 2769 600 2797 Orat.
613 2772 635 2803 §
652 2764 705 2805 κζ’.
712 2766 807 2796 Λεῖτον
822 2764 935 2793 ἐκάλουν
951 2763 971 2792 οἱ

261 2812 379 2843 ’παλαιοι
402 2811 433 2841 τὸ
457 2810 597 2850 δημόσιον,
614 2809 675 2839 ὅθεν
701 2808 866 2849 λειτουςγεῖν
881 2819 914 2836 το
937 2806 975 2839 εἷς

261 2855 294 2884 τὸ
320 2853 449 2894 δημόσιον
479 2852 652 2893 ἐςγάζεσθαι
680 2851 781 2890 ἐ’λεγον.
844 2851 889 2880 Ad
914 2850 973 2878 hoc

262 2898 342 2927 cons.
362 2897 514 2927 Herodot.
549 2897 626 2925 VII.
651 2896 725 2925 197.
772 2893 905 2932 Etymol.
928 2893 975 2922 Μ.

264 2941 406 2970 Α111111011.
430 2944 460 2969 et.
490 2939 616 2969 Moerid.
641 2938 670 2966 in
693 2948 721 2967 v.
753 2935 910 2976 λειτουργὸς
926 2935 974 2965 vel

265 2984 441 3023 λειτουργεῖν,
467 2987 496 3011 et
526 2982 570 3011 ibi
600 2980 747 3010 Valcken.
777 2985 808 3009 et
835 2980 975 3009 Pierson.

1000 1808 1231 1859 Cujusmodl
1253 1814 1341 1845 sunt
1361 1811 1539 1861 χορηγία,
1561 1824 1705 1859 γυμνα-

675 1870 724 1907 Et
745 1870 834 1907 belli
854 1877 1028 1919 tempore
1049 1870 1127 1907 duo
1154 1869 1397 1908 accedebant
1423 1882 1538 1916 nova,
1558 1871 1706 1921 εἶςφοριί

600 1931 678 1970 Sed
693 1932 742 1970 ad
765 1933 899 1969 horum
916 1931 1080 1969 duorum
1101 1932 1306 1982 posterius,
1324 1931 1429 1981 quod
1453 1938 1599 1968 sumtus
1623 1937 1707 1969 erat

994 2038 1120 2069 Scilicet
1147 2048 1239 2067 voces
1266 2042 1336 2066 suit
1363 2036 1427 2065 sola
1450 2036 1545 2064 foima
1565 2034 1709 2067 diversae.

995 2087 1102 2121 utpote
1118 2091 1135 2110 a
1151 2080 1218 2114 λαος
1227 2085 1256 2110 et
1273 2081 1340 2112 λεὼς
1356 2080 1467 2112 dur-tae,
1480 2078 1588 2112 λάῖτος,
1605 2077 1708 2113 λὲϊτος,

996 2126 1100 2159 λεῖτος,
1128 2123 1232 2159 λήϊτος,
1256 2122 1352 2162 λῇτος,
1376 2121 1537 2160 popularis,
1561 2120 1710 2159 publicus.

997 2168 1023 2196 E
1048 2171 1204 2205 postrema
1248 2166 1407 2194 formatum
1436 2169 1567 2203 λῃτουςγε
1557 2175 1593 2192 ιν
1626 2170 1709 2192 recte

998 2209 1163 2239 Piersonus
1190 2207 1345 2237 veteribus
1371 2206 1482 2236 Atticis
1500 2206 1645 2241 vindicat,
1670 2207 1711 2235 si-

998 2253 1060 2282 mul
1092 2252 1122 2280 in
1169 2250 1329 2280 Plutarchi
1362 2249 1491 2279 Romulo
1527 2259 1557 2287 p.
1588 2251 1642 2279 34.
1671 2250 1710 2278 B.

1000 2296 1077 2324 scite
1112 2304 1275 2332 reponens,
1301 2292 1395 2322 λῆΐτον
1421 2293 1476 2331 γᾶς
1507 2291 1540 2320 τὸ
1566 2291 1711 2332 δημόσιον.

1000 2338 1106 2367 Altera
1121 2345 1152 2366 et
1176 2336 1326 2375 generalis
1356 2335 1452 2370 notin,
1474 2344 1533 2372 qua
1556 2333 1713 2375 λειτουργία.

1000 2381 1114 2410 dicitur
1126 2381 1164 2410 de
1180 2388 1358 2418 quacunque
1376 2387 1470 2417 opera
1491 2377 1623 2415 publicis
1651 2378 1713 2406 usi-

1001 2424 1059 2453 bus
1091 2426 1245 2463 praestata,
1272 2421 1371 2451 minus
1398 2421 1607 2458 frequentatur
1631 2420 1713 2459 apud

1003 2466 1133 2495 Atticos.
1179 2466 1309 2494 Brevem
1325 2463 1482 2493 historiam
1503 2462 1600 2498 verbi,
1613 2463 1714 2492 Theo·

1002 2509 1073 2548 logo
1099 2513 1208 2548 praeter
1221 2511 1338 2536 ceteros
1358 2506 1530 2543 legendam,
1555 2505 1640 2534 dedit
1655 2505 1714 2534 Ca-

1004 2552 1089 2581 saub.
1116 2550 1268 2581 Exercitt.
1292 2550 1320 2578 in
1333 2550 1445 2578 Bai-on.
1467 2547 1575 2577 Annal.
1591 2558 1622 2586 p.
1639 2549 1714 2578 470.

1005 2604 1090 2632 seqq.
1119 2595 1260 2623 Ceterum
1273 2592 1354 2630 quod
1369 2591 1476 2620 Latine
1489 2591 1567 2619 verti
1579 2600 1713 2640 manens,

1005 2637 1200 2675 cogitandum
1215 2640 1261 2665 est
1281 2635 1320 2663 de
1351 2634 1557 2663 Romanorum
1582 2633 1713 2663 muueri-

1006 2680 1062 2708 bus
1076 2679 1214 2708 aediliciis
1231 2683 1261 2706 et
1283 2677 1350 2706 aliis
1374 2676 1535 2714 ejusmodi.
1588 2676 1714 2705 Minime

1008 2732 1080 2751 vero
1091 2719 1258 2760 λειτουξγίαιι
1273 2719 1437 2749 miscendae
1454 2724 1523 2747 sunt
1534 2728 1601 2747 cum
1615 2719 1719 2759 ἀρχαῖς

1009 2765 1037 2793 11.
1053 2763 1286 2804 magistratz'bus,
1299 2762 1379 2800 quod
1395 2772 1412 2790 a
1429 2761 1582 2790 nonnullis
1603 2761 1716 2791 factum

1009 2806 1083 2837 vidi.
1127 2808 1255 2836 Temere
1286 2805 1319 2834 id
1350 2804 1541 2842 collegerunt
1578 2813 1616 2833 ex
1653 2805 1716 2834 De-

1009 2849 1119 2879 mosth
1136 2850 1174 2878 de
1190 2849 1261 2878 Cor.
1277 2851 1299 2882 §.
1311 2848 1363 2878 78.

1052 2890 1063 2909 ἴ
1089 2891 1249 2920 Demosth.
1275 2891 1342 2944 ipse
1368 2896 1390 2928 ς.
1407 2888 1440 2929 ζ’.
1464 2894 1533 2941 post
1560 2889 1641 2918 med.
1685 2891 1719 2920 οἵ

1009 2933 1077 2964 κατ’
1109 2933 1229 2963 ἐνιαυτὸν
1265 2935 1319 2966 τὰς
1357 2930 1517 2970 ἐγκυκλίους
1547 2933 1722 2972 λειτουργΙοις

1010 2978 1108 3018 (conf.
1137 2980 1159 3012 §-
1176 2975 1230 3015 κζ’.
1256 2977 1294 3005 ad
1313 2975 1721 3016 1111.)λε1τουςγουντεςῆμῖν,
