1928 3284
259 208 331 255 30

257 330 378 360 rectum,
407 334 457 355 nec
477 326 607 364 justum,
639 336 692 356 uec
723 328 805 357 civile
832 327 961 367 estfieri,

258 367 455 397 Athenienses.
493 369 687 399 Melanchtho
702 381 707 398 :
724 375 809 400 tanta
824 380 888 400 vero
903 372 960 400 cri-

259 411 338 439 mina
356 420 423 439 cum
446 411 517 440 mihi
537 411 680 450 objecerit,
695 417 730 441 ut
745 423 780 442 ne
795 422 880 451 pares
895 414 960 452 qui-

257 452 322 481 dem
334 463 422 490 poenae
437 454 560 483 inveniri
575 460 690 493 queant,
703 455 792 484 audet
803 460 910 494 petere,
924 465 960 484 ne

256 494 331 524 mihi
339 495 454 525 dicendi
466 501 588 534 potestas
601 497 786 527 concedatur.
825 497 959 536 Injustis—

255 537 357 567 simum
373 544 412 567 est
426 543 533 574 autem,
547 544 575 567 et
589 549 767 578 nequaquam
781 540 860 569 civili
875 542 957 569 socie-

255 581 310 609 tati
317 581 493 616 conveniens,
502 581 565 611 odio
574 587 600 611 et
608 582 777 620 petulantia
789 584 958 622 cujusquam

257 622 374 662 largiri,
392 632 427 651 ne
442 632 508 652 reus
522 624 672 654 audiatur.
698 625 860 654 Perionius
873 635 879 653 z
895 624 956 654 Ne-

257 675 309 704 que
331 666 406 694 enim
442 666 591 704 eripienda
616 672 655 696 est
676 672 797 704 potestas
824 668 957 697 veniendi

253 707 293 736 ad
305 707 443 746 populum
453 718 462 736 :
487 707 548 738 Nec
569 719 660 739 causae
672 709 798 739 dicendae
801 708 955 750 facultas:

256 749 321 779 Nec
344 751 374 779 id
389 751 420 779 in
440 751 651 781 obtrectationis
674 757 727 780 aut
755 753 872 781 iuvidice
896 752 955 782 loco

252 793 418 830 ponendum
430 803 438 821 .·
452 791 590 831 Nec-fieri
605 799 679 824 recte
693 799 777 834 atque
790 795 890 824 ordine
902 804 954 833 po-

254 840 322 864 test.-
351 834 412 864 Nec
434 835 466 864 id
488 846 600 874 aequum
621 842 661 866 est
687 837 953 875 quidem,Judz'ces.

255 877 310 907 Sed
324 887 388 907 eum
410 879 548 915 oportuit,
563 884 621 908 etc.
674 879 828 909 Meletus:
852 879 899 909 Ne
920 881 953 910 in

254 922 314 958 ipso
332 920 445 958 quidem
467 921 574 950 recenti
589 921 685 961 jacto.
703 922 758 961 (sic
780 921 812 951 τὸ
835 921 887 952 οὐδ’
906 922 952 961 ἐγ-

254 964 304 1000 γὺς
318 963 548 1003 interpretatur)
572 961 641 993 Non
655 965 730 993 enim
741 966 903 1003 privandus
914 971 953 995 est

253 1006 340 1034 aditu
352 1006 454 1043 populi
476 1013 503 1035 et
514 1011 653 1044 potestate
667 1007 782 1036 dicendi
793 1007 951 1037 AEschiues.

253 1048 308 1078 Sed
322 1054 356 1078 ut
372 1047 422 1077 hoc
437 1058 468 1077 ex
480 1048 648 1086 petulantia
671 1054 757 1089 utque
778 1050 951 1091 invidiosa-

248 1092 320 1126 ciat,
336 1100 423 1130 neque
438 1100 491 1129 per
506 1089 580 1120 Deos
599 1096 638 1121 est
658 1098 778 1128 rectum,
801 1102 890 1132 neque
911 1094 952 1123 ci-

249 1133 317 1168 vile,
333 1142 422 1172 neque
431 1134 564 1172 justum,
580 1135 636 1163 viri
649 1133 845 1170 Athenienses,
857 1135 905 1164 sed
920 1137 952 1165 in

249 1176 361 1215 quibus,
376 1180 435 1204 etc.
481 1177 581 1204 Locus
598 1180 645 1205 est
661 1177 810 1205 obscurus
826 1182 857 1206 el.
879 1188 950 1206 con-

246 1222 415 1253 troversus,
427 1222 651 1256 proptereaque
666 1223 837 1257 suspectus.
883 1220 950 1259 Ego

247 1270 343 1290 meam
366 1258 646 1299 interpretationem
667 1261 766 1290 sinon
784 1271 897 1297 veram,
920 1267 951 1291 at

247 1302 440 1342 perspicuam
453 1312 520 1331 esse
535 1306 620 1340 puto.
665 1303 823 1333 Connexio
849 1303 950 1342 perio-

246 1345 354 1374 dorum
381 1345 472 1375 habet
498 1345 728 1375 obscuritatem:
760 1348 805 1376 Τὰ
832 1345 886 1384 μὲν
909 1344 951 1377 οὖν

246 1386 455 1426 κατηγορημένα
477 1388 585 1421 πολλοὶ,
600 1391 658 1416 etc.
670 1405 713 1410 —-
726 1391 786 1417 Τῶν
800 1388 853 1425 μὲν
867 1388 951 1418 τοίνυν

245 1432 410 1470 κατηγοριῶν
427 1434 485 1459 etc.
501 1447 543 1452 -—-
559 1429 599 1459 Οὐ
620 1432 673 1470 γὰρ
699 1430 885 1470 ἀφαιςεῖσθαι
911 1431 953 1461 δεῖ

245 1477 305 1502 etc.
321 1490 364 1494 —
376 1470 457 1501 Ἀλλ’
477 1470 524 1510 ἐφ’
544 1469 580 1505 οἷς
596 1477 654 1501 etc.
670 1490 712 1495 —-
727 1474 783 1502 Est
811 1474 949 1503 Comme—

245 1514 373 1544 moratio
394 1515 530 1552 quoedam
546 1514 575 1543 in
598 1516 813 1553 conquestione
840 1516 948 1555 iniqui-

243 1558 317 1587 tatis
331 1568 336 1586 :
352 1561 383 1586 et
395 1557 565 1592 Confessio,
577 1557 708 1588 maxima
724 1569 791 1587 esse
812 1559 947 1594 crimina,

244 1606 275 1630 et
305 1600 385 1629 omni
410 1600 564 1638 supplicio
590 1600 782 1637 vindicanda,
804 1606 946 1640 recteque

244 1643 346 1672 delata
368 1643 551 1681 adjudices,
574 1641 599 1671 si
623 1653 694 1673 vera
719 1648 830 1673 essent.
867 1645 946 1674 Eum

243 1686 322 1715 enim
349 1695 417 1714 esse
443 1685 629 1723 judiciorum
656 1696 753 1723 usum,
781 1691 815 1715 ut
846 1697 946 1717 causae

243 1731 473 1767 cognoscantur,
508 1731 540 1757 et
574 1733 719 1759 nocentes
756 1729 945 1760 mulctentur.

242 1771 304 1800 Sed
320 1770 551 1809 abutijudicum
572 1771 759 1809 benignitate
783 1773 821 1801 ad
845 1772 946 1802 crimi-

242 1814 357 1843 nandos
372 1824 411 1842 ex
427 1813 498 1842 odio
513 1818 603 1852 atque
618 1814 734 1843 invidia
748 1815 882 1844 insontes
898 1815 945 1853 (id

243 1857 324 1894 quod
338 1866 414 1885 nunc
423 1856 583 1885 AEschines
596 1856 739 1896 faciat)id
749 1867 822 1886 vero
834 1868 944 1897 nequa-

242 1909 328 1937 quam
344 1909 410 1928 esse
425 1899 590 1928 terendum.
634 1900 694 1928 Sed
710 1900 739 1929 iu
756 1900 811 1929 hac
823 1911 943 1940 quoque

242 1941 390 1970 sententia
426 1951 474 1970 me
502 1941 637 1971 nonnihil
664 1943 777 1977 turbat,
802 1943 872 1982 quia
901 1943 944 1973 ait

241 1983 415 2023 προσελθεῖν
429 1983 470 2022 τῷ
494 1983 584 2023 δήμῳ,
610 1989 643 2014 ut
668 1995 726 2014 non
752 1986 790 2014 de
808 1986 944 2024 judiciis,

240 2027 295 2056 sed
311 2027 349 2055 de
375 2027 556 2056 concionibus
581 2027 664 2065 loqui
688 2028 836 2058 videatur.
881 2029 942 2058 Εο-

240 2070 308 2098 dem
325 2069 459 2107 pertinet
474 2069 564 2098 etiam
583 2068 615 2098 τὸ
630 2068 712 2108 λόγου
726 2072 834 2111 τυχεῖν.
860 2072 942 2109 Que-

239 2111 315 2141 ritur
330 2111 408 2140 enim
427 2112 591 2148 Isocrates,
606 2113 669 2146 τοὺς
685 2114 804 2146 πολλοὺς
818 2113 875 2144 οὐδὲ
892 2115 943 2149 τῆς

238 2156 325 2194 φωνῆς
337 2157 390 2183 τῶν
404 2153 607 2194 ἐναντιουμένων
622 2155 687 2188 ταῖς
700 2154 872 2196 ἐπιθυμίαις
892 2157 942 2186 αι’)-

238 2199 293 2228 τῶν
308 2195 414 2227 ἐθέλειν
427 2196 615 2238 ἀνασχέσθαι.
661 2198 744 2234 Quid
762 2209 834 2238 ergo
856 2200 881 2229 si
897 2199 940 2229 sic

237 2239 421 2270 connectas?
445 2239 478 2269 Si
501 2241 626 2269 crimina
649 2241 722 2270 milti
744 2241 851 2280 oly'ecta
873 2252 941 2272 vera

237 2288 337 2319 essent,
352 2292 403 2312 nec
417 2283 522 2323 dignas
534 2292 644 2321 poenas,
659 2293 748 2323 neque
763 2285 860 2324 (lignis
874 2296 940 2324 pro-

236 2327 337 2361 ximas,
365 2326 400 2355 de
424 2335 467 2354 me
492 2335 602 2355 sumere
626 2328 712 2363 possit
740 2326 820 2365 Resp.
867 2328 939 2362 Quae

236 2379 303 2398 cum
319 2368 391 2397 mihi
413 2368 541 2397 adeundi
561 2368 662 2407 populi
688 2368 940 2410 habendarunzque

235 2412 403 2441 concionum
419 2415 584 2450 potestatem
609 2412 730 2446 dederit,
755 2422 787 2442 ea
812 2422 863 2453 ego
887 2424 938 2452 po-

236 2459 338 2484 testate
365 2454 417 2482 sim
446 2453 552 2482 abusus
579 2454 618 2482 ad
643 2454 812 2492 explendum
841 2456 939 2486 odium

667 213 1300 257 ΔΗΜΟΣΘΕΝΟΎΣ

995 336 1075 356 sane.
1109 328 1231 357 Interea
1247 328 1346 357 Voces
1362 327 1436 367 ipsae
1453 332 1522 358 sunt
1538 329 1611 359 satis
1626 338 1698 370 pera

994 369 1123 408 spicuae:
1150 370 1205 399 sed
1227 370 1390 399 Sententia:
1412 381 1470 401 non
1490 376 1573 401 recte
1597 373 1697 402 cohae-

991 416 1070 447 rent,
1087 422 1185 451 neque
1201 416 1272 450 apte
1288 413 1518 444 distribuuntur.
1557 416 1624 453 Ego
1639 415 1698 453 igi·

992 459 1042 483 tur
1056 453 1184 492 primum
1200 455 1324 484 lectoris
1341 456 1440 485 oculis
1456 457 1613 495 subjiciam
1627 468 1696 487 eum

992 497 1128 526 ordinem
1157 501 1188 525 et
1212 497 1378 535 sequelam,
1406 509 1494 537 quam
1522 510 1562 529 ex
1580 500 1695 530 Demo·

991 539 1098 568 sthene
1114 544 1237 568 auctore
1258 539 1424 578 profectam
1448 552 1514 571 esse
1542 543 1693 572 arbitror:

991 581 1103 610 deinde
1125 590 1220 611 meam
1237 582 1275 610 de
1293 591 1328 611 ea
1348 593 1381 612 re
1400 593 1551 622 exponam
1574 590 1695 615 senten·

990 624 1074 659 tiam,
1090 628 1120 652 et
1133 624 1171 653 iis
1188 624 1369 661 rationibus,
1385 635 1459 663 quas
1472 626 1581 663 habeo,
1596 629 1693 658 enitar

990 666 1124 702 vincere,
1142 667 1231 695 simul
1248 671 1279 695 et
1291 668 1442 696 turbatum
1458 679 1526 699 esse
1539 670 1568 698 in
1583 670 1697 706 Textu,

989 719 1048 747 quo
1065 709 1177 738 utimur
1196 709 1301 747 vulgo,
1322 714 1411 748 atque
1426 710 1517 741 istius
1532 711 1692 743 infelicita-

989 751 1030 780 tis
1046 761 1166 780 causam
1183 762 1200 780 a
1214 761 1263 780 me
1281 761 1347 781 esse
1364 753 1595 790 deprehensam.
1640 755 1693 785 Ad

987 795 1066 823 hunc
1081 794 1204 823 modum
1216 794 1310 832 igitur
1320 794 1454 834 loquitur
1461 797 1693 834 Demosthenes,

989 836 1075 866 sime
1093 837 1210 870 audias,
1226 846 1268 865 sc.

1029 880 1074 908 Τὰ
1099 879 1155 917 μὲν
1182 876 1223 908 οὖν
1252 878 1475 920 κατηγορημένα,
1503 883 1613 918 πολλοὶ,
1641 882 1692 911 καὶ

987 922 1067 956 δεινὰ,
1094 922 1141 951 καὶ
1168 921 1228 961 περὶ
1254 919 1290 952 AEv
1316 919 1384 953 ἐνίων
1407 924 1542 962 μεγάλας
1567 925 1614 954 καὶ
1638 927 1692 958 τὰς

987 963 1120 1003 ἐσχάτας
1136 965 1156 993 οἳ
1171 963 1246 1003 νόμοι
1261 964 1404 994 τάττουσι
1419 965 1566 1005 τιμωρίας·

1029 1007 1083 1035 Τοῦ
1101 1006 1128 1036 δὲ
1144 1007 1283 1046 παρόντος
1298 1007 1397 1044 ἀγῶνος
1410 1009 1423 1037 ἦ
1440 1008 1595 1048 προαίρεσις
1607 1009 1691 1044 αὐτὴ,

986 1047 1084 1088 ἐχθροῦ
1098 1048 1152 1088 μὲν
1170 1048 1294 1088 {ungetur
1309 1047 1381 1090 ἔχει,
1396 1050 1444 1079 καὶ
1463 1049 1548 1090 ῧβξιν,
1571 1052 1618 1080 καὶ
1634 1058 1691 1081 λοι-

986 1091 1081 1130 δορίαν,
1097 1092 1143 1120 καὶ
1160 1091 1410 1132 ’ω-ξοωηλακισμόν
1428 1093 1509 1132 ὁμοῦ,
1530 1093 1576 1122 καὶ
1593 1095 1691 1124 πάντα

985 1135 1024 1163 τὰ
1040 1135 1170 1163 τοιαῦτα.

1027 1175 1094 1216 [““0]
1110 1176 1171 1205 οὔτε
1186 1177 1233 1214 μὰ
1254 1177 1317 1210 τοὺς
1340 1176 1412 1209 θεοὺς
1431 1176 1517 1216 ὀρθῶς
1539 1177 1613 1219 ἔχον,
1630 1179 1692 1209 οὔτε

985 1216 1136 1254 πολιτικὸν,
1159 1218 1220 1247 οὔτε
1239 1216 1338 1248 δίκαιόν
1360 1217 1448 1254 ἐστιν,
1462 1217 1486 1248 οἷῗ
1505 1219 1690 1261 ἄνδρεςἈθη-

983 1269 1061 1288 Ὑαίθί.

1027 1302 1067 1331 Οὐ
1090 1303 1144 1341 γὰρ
1165 1301 1349 1340 ἀφαιρεῖσθαι
1371 1301 1457 1332 δεῖτὸ
1475 1302 1634 1342 προσελθεῖν
1649 1305 1692 1344 τῷ

985 1343 1073 1382 δήμῳ,
1088 1344 1136 1373 καῖ
1151 1343 1233 1380 λόγου
1246 1345 1354 1384 τυχεῖν,
1370 1344 1423 1375 οὐδ’
1446 1345 1472 1375 ἔν
1493 1345 1621 1386 ἐπηρείας
1635 1349 1690 1377 τά-

984 1386 1022 1425 ξει
1039 1385 1085 1415 καὶ
1098 1385 1192 1423 φθόνου
1204 1387 1287 1415 τοῦτο
1298 1388 1390 1416 ποιεῖν·

1024 1426 1107 1457 Ἀλλ’
1121 1427 1166 1467 ἐφ’
1179 1425 1214 1461 οἷς
1230 1428 1376 1458 ἀδικοῦντά
1392 1439 1432 1468 με
1454 1430 1521 1470 ἐώρα
1535 1432 1584 1461 τὴν
1598 1431 1689 1468 πόλιν,

983 1468 1044 1499 οῧσί
1063 1480 1095 1508 γε
1110 1471 1292 1505 τηλικούτοις,
1308 1470 1391 1501 ἡλίκα
1412 1474 1453 1502 νῦν
1467 1472 1624 1512 ἐτραγῴδει,
1639 1476 1688 1504 καὶ

982 1512 1091 1554 διεξῄει,
1101 1514 1165 1547 ταῖς
1180 1512 1211 1542 ἐκ
1225 1515 1279 1543 τῶν
1293 1513 1382 1553 νόμων
1397 1516 1547 1556 τιμωρίαις
1561 1516 1626 1555 παρ’
1637 1518 1687 1547 αὐ-

981 1557 1021 1585 τὰ
1036 1558 1076 1586 τὰ
1087 1555 1254 1595 ἀδικήματα
1267 1556 1401 1596 χςῆσθαι·

1025 1598 1054 1628 Ei
1082 1597 1138 1637 μὲν
1161 1598 1342 1636 εἷσαγγελίας
1365 1600 1433 1639 ἄξια
1456 1601 1622 1641 πράττοντά
1643 1613 1685 1642 με

981 1640 1059 1682 ἑώρα,
1077 1639 1310 1678 εἰσαγγέλλοντα,
1327 1642 1375 1671 καὶ
1399 1643 1496 1673 τοῦτον
1519 1643 1565 1673 τὸν
1579 1644 1684 1685 τρόπον

980 1683 1018 1715 εἰς
1031 1681 1116 1722 κςίσιν
1137 1682 1316 1713 καθιστάντα
1332 1684 1407 1725 παρ’
1430 1686 1506 1725 ὑμῖν,
1526 1687 1548 1716 εἲ
1572 1686 1600 1716 δὲ
1616 1689 1684 1727 ygli-

979 1733 1067 1765 φοντα
1082 1726 1244 1766 παράνομα,
1261 1727 1427 1767 παρανόμων
1441 1729 1619 1768 γραφόμενον·

1022 1768 1075 1798 Καὶ
1088 1770 1145 1808 μὲν
1159 1770 1184 1799 εἴ
1202 1781 1230 1799 τι
1246 1772 1300 1800 τῶν
1317 1769 1422 1805 ἄλλων,
1437 1767 1473 1800 οἷν
1485 1771 1535 1800 νυνὶ
1549 1771 1682 1804 διέβαλλε

978 1810 1026 1839 καὶ
1041 1810 1135 1853 διεξῄει
1150 1811 1235 1851 (scil.
1251 1813 1423 1853 ’πράττοντα
1443 1824 1483 1852 με
1499 1813 1584 1854 iniqu)
1597 1814 1611 1845 ἢ
1634 1816 1683 1845 καὶ

978 1852 1047 1883 ἄλλ’
1068 1854 1090 1889 ὂ,
1107 1856 1180 1884 τιοῦν
1201 1854 1345 1884 ἀδικοῦντά
1366 1867 1407 1894 με
1423 1856 1501 1895 ὑμᾶς
1522 1856 1602 1896 ἑώςα,
1626 1858 1681 1887 εἶσὶ

977 1895 1053 1936 νόμοι
1075 1896 1136 1937 περὶ
1152 1897 1274 1932 πάντων,
1289 1897 1337 1926 καὶ
1359 1898 1504 1938 τιμωρίαι,
1520 1899 1566 1928 καὶ
1581 1899 1683 1939 κρίσεις

977 1939 1066 1969 -καὶ
1082 1939 1189 1974 τούτοις
1204 1939 1264 1978 ἐξῆν
1283 1940 1379 1971 ἅπασι
1396 1940 1528 1981 χρῆσθαι.
1572 1943 1610 1971 In
1634 1943 1681 1972 his

976 1981 1224 2020 interpretandis,
1233 1984 1374 2012 versione
1386 1987 1452 2012 utar
1461 1985 1680 2022 propemodum

977 2024 1137 2054 Lambini:
1154 2026 1233 2054 Nam
1258 2025 1311 2054 ille
1334 2026 1542 2063 quadantenus
1568 2027 1598 2055 in
1621 2027 1677 2057 hac

975 2077 1066 2096 causa
1081 2066 1245 2106 processit,
1267 2072 1297 2097 et
1316 2067 1430 2106 pariter
1452 2069 1680 2100 translationem

974 2110 1122 2140 instituit:

977 2152 1109 2183 Crimina
1126 2154 1221 2194 igitur
1235 2154 1309 2184 mihi
1328 2154 1414 2184 illata
1429 2160 1498 2184 sunt
1516 2155 1678 2186 multorum

974 2201 1060 2236 utque
1073 2195 1405 2237 atrociumfacinorum‚
1420 2197 1575 2236 quibusque
1586 2208 1677 2236 poenae

974 2244 1041 2268 sunt
1064 2240 1250 2269 acerbissimae
1280 2239 1392 2278 legibus
1418 2240 1600 2269 constitutae:
1627 2242 1676 2271 sed

974 2287 1034 2311 tota
1056 2282 1117 2311 haec
1128 2282 1282 2312 Accusatio
1305 2280 1383 2310 nihil
1398 2281 1482 2310 uliud
1505 2282 1590 2312 habet
1609 2293 1678 2321 pro·

971 2325 1067 2362 positi,
1085 2335 1170 2364 quam
1184 2323 1342 2362 improbam
1357 2324 1470 2353 inimici
1484 2325 1677 2363 calumniam,

970 2368 1176 2406 petulantiam,
1192 2366 1367 2402 convicium,
1384 2367 1524 2405 probrum
1535 2373 1562 2397 et
1574 2374 1678 2398 contu-

972 2410 1098 2445 meliam,
1107 2414 1262 2448 caeteraque
1267 2410 1380 2449 generis
1392 2410 1528 2448 ejusdem.
1542 2408 1675 2449 [Omitto

972 2453 1032 2487 hic,
1056 2462 1124 2491 quae
1146 2452 1243 2489 repeti
1267 2451 1423 2491 arbitron]
1463 2452 1548 2486 Quod
1562 2454 1675 2483 medius

235 2507 332 2526 meum
361 2496 496 2525 adversus
524 2497 650 2526 inimicos
676 2502 761 2536 atque
786 2498 937 2528 invidiam.
962 2494 1069 2532 fidius,
1094 2495 1290 2529 Atheniense&
1313 2504 1404 2533 neque
1436 2500 1559 2530 rectum,
1585 2506 1676 2535 neque

235 2539 273 2568 Id
290 2539 364 2578 quod
386 2548 478 2578 neque
501 2543 612 2568 rectum
636 2543 674 2568 est
690 2543 747 2569 etc.
793 2541 887 2580 Atque
914 2543 939 2571 si

235 2592 279 2611 me
316 2583 405 2611 tantis
441 2583 474 2610 in
509 2582 593 2611 rebus
623 2581 782 2617 AEschines,
816 2589 939 2622 quantas

236 2634 284 2654 eas
288 2624 382 2664 jacit,
396 2630 501 2662 pestem
525 2631 552 2654 et
572 2625 727 2663 perniciem
749 2626 819 2664 reip.
842 2627 938 2656 moliri

235 2668 359 2702 videbat,
374 2677 429 2696 cur
444 2677 501 2697 non
515 2668 611 2697 statim
627 2668 818 2705 injudicium
840 2669 937 2699 addu-

235 2709 337 2739 cebat?

279 2767 354 2796 Cum
372 2767 421 2797 via
441 2768 536 2797 multa
558 2771 654 2807 patet,
676 2768 756 2798 nulla
777 2772 824 2799 est
838 2769 936 2808 bona;

363 2820 422 2848 qua
437 2811 477 2839 sit
497 2812 641 2846 eundum,

320 2852 395 2890 lpse
417 2852 473 2882 tibi
495 2858 641 2884 monstret
663 2854 772 2884 ductor
791 2853 936 2884 Atlantia-

362 2895 428 2924 des.
772 2898 892 2927 Wonr.

233 2961 276 2992 Ἐν
298 2961 403 2994 τούτοις
428 2961 487 2994 τοῖς
511 2962 610 3001 ῥητοῖς,
627 2967 659 2992 ut
683 2968 865 3003 conquestus
888 2968 935 2994 est

235 3004 397 3044 Ulpianus,
412 3005 537 3043 ἀσάφεια
557 3004 620 3035 ἐστι
637 3007 737 3037 πολλή.
771 3008 810 3037 Et
828 3006 935 3038 merito

970 2537 1065 2572 civile,
1082 2546 1173 2576 neque
1184 2539 1306 2576 justum
1319 2542 1371 2574 est,
1387 2547 1422 2566 ne
1433 2537 1498 2566 ulla
1511 2538 1625 2577 quidem
1640 2548 1674 2568 ez·

968 2585 1063 2618 parte.
1108 2579 1175 2609 Non
1201 2580 1280 2609 enim
1295 2581 1352 2618 jus
1376 2579 1505 2609 adeundi
1527 2581 1566 2610 ad
1582 2591 1674 2620 popu-

972 2623 1045 2658 lum,
1060 2631 1205 2662 causaeque
1219 2622 1347 2652 dicenda
1360 2627 1526 2659 potestatem
1535 2624 1674 2663 cuiquam

970 2666 1089 2703 eripere,
1103 2675 1162 2694 non
1177 2666 1208 2694 in
1223 2675 1256 2694 ea
1271 2675 1301 2694 re
1316 2665 1408 2694 dolori
1421 2675 1471 2694 suo
1492 2667 1607 2701 servire,
1623 2676 1673 2695 ne-

970 2717 1025 2747 que
1040 2707 1229 2738 maledicendi
1247 2713 1276 2737 et
1295 2708 1466 2746 petulanter
1478 2708 1606 2738 alterum
1627 2710 1673 2738 in-

970 2751 1098 2781 sectandi
1113 2751 1285 2780 occasionem
1299 2760 1332 2780 ec
1353 2761 1386 2780 ea
1402 2759 1530 2790 quaerere
1543 2756 1672 2789 oportet.-

970 2793 1024 2822 Sed
1038 2805 1100 2833 quae
1115 2804 1158 2823 me
1170 2792 1312 2834 facinora
1334 2794 1508 2823 committere
1529 2793 1562 2822 in
1579 2803 1669 2832 remp.

969 2836 1082 2866 videbat
1095 2848 1105 2873 ,·
1142 2846 1233 2876 quum
1267 2836 1424 2875 praesertim
1452 2840 1541 2865 essent
1572 2840 1669 2872 tauta,

970 2883 1079 2918 quanta
1100 2879 1182 2908 modo
1203 2888 1266 2909 voce
1286 2888 1356 2917 pene
1376 2879 1492 2918 tragica
1514 2878 1669 2914 clamabat,

970 2930 1068 2950 eorum
1082 2932 1179 2960 poenas
1192 2934 1210 2951 a
1226 2922 1336 2961 legibus
1352 2922 1534 2957 constitutas,
1548 2922 1669 2951 recenti-

970 2964 1022 2993 bus
1035 2965 1123 2994 etiam
1139 2970 1201 2994 tum
1219 2962 1380 3002 maleficiis,
1396 2964 1669 3003 expetere,judicio-

970 3017 1022 3046 que
1035 3008 1163 3047 persequi
1178 3007 1293 3037 debebat
1307 3018 1314 3035 :
1330 3007 1353 3037 si
1365 3017 1407 3036 res
1420 3006 1561 3037 delatione
1577 3007 1669 3038 nomi-
