1928 3284
226 192 298 252 76
620 204 1276 250 ΔΗΜΟΣΘΕΝΟὙΣ

228 314 273 368 δ’
297 315 448 377 adro&
473 317 551 371 καὶ
578 317 681 379 τούς
707 324 790 372 τῶν
817 320 1065 389 Βυζαντίων
1091 316 1330 384 στεφάνους
1355 315 1433 371 uoci
1461 313 1562 375 τούς
1591 316 1676 368 τῶν

227 389 481 466 Περινθίων,
505 390 566 453 οἷς
592 391 852 458 ἐστεφάνουν
879 394 927 445 ἐκ.
954 392 1116 446 τούτων
1143 393 1221 456 τῆν
1240 391 1391 446 πόλιν.

663 614 904 653 ΨΗΦΙΣΜΑ
932 614 1256 653 ΒΥΖΑΝΤΙΩΝ.

392 715 472 749 Ἐπὶ
495 716 732 761 ἱερομνάμονος
758 719 954 761 Βοςπορίχω
979 718 1180 762 Δαμάγητος
1206 720 1243 751 ἐν
1264 721 1308 762 τᾷ
1330 718 1411 761 ἁλίᾳ
1430 717 1552 758 ἔλεξεν,
1569 717 1603 750 ἐκ
1624 718 1685 755 τᾶς

273 807 488 850 Ἰερομνάμονος]
512 809 591 840 Haeo
608 819 670 840 vox
685 810 773 841 aliter
789 810 840 841 hio
856 811 942 841 vide-

233 856 283 882 tur
305 853 458 891 usurpari,
481 863 570 891 quam
593 863 697 892 snpra,
721 864 791 883 cum
816 853 855 883 de
869 855 942 884 Am-

233 895 450 934 phictyonibus
465 900 615 935 ageretur.
647 896 863 926 Melanehtho:
889 897 942 927 Sa-

233 938 347 968 cerdote
360 937 545 977 Bosporicho.
570 937 752 969 Perionius:
771 938 944 970 Hieromne-

233 990 316 1011 mone
327 979 457 1019 Bospori.
484 981 636 1012 Meletus:
656 980 797 1021 Pontifice
814 981 943 1022 Bospori-

234 1022 297 1052 cho.
340 1023 457 1053 Dorica
476 1023 636 1054 Dialectus
666 1023 815 1055 latissime
845 1025 945 1065 patuit

235 1070 320 1095 extra
336 1066 494 1096 Graeciam.
519 1068 638 1097 WoLF.

278 1107 319 1138 Ἐν
329 1108 452 1150 Τεαλίᾳ]
470 1108 646 1149 [ItaTayl.]
657 1110 803 1141 Fortasse
818 1111 845 1141 is
856 1111 943 1141 locus

236 1151 442 1181 Conoionibus
458 1152 517 1182 fuit
531 1152 685 1191 Byzantii.
711 1154 817 1184 IDEM.

277 1191 437 1234 Ἐντειιλίᾳ]
451 1194 492 1224 Ut
507 1194 556 1224 edi
573 1195 692 1225 solebat
707 1200 775 1225 ante
787 1196 944 1226 Wolflum.

237 1234 295 1265 Vir
307 1235 371 1272 ille,
386 1237 425 1266 de
442 1238 649 1267 Demosthene
664 1238 792 1268 multum
806 1239 944 1275 meritus,

237 1288 256 1307 a
267 1282 367 1308 mente
381 1283 480 1309 tamen
494 1281 560 1318 ejus
575 1281 706 1315 aberrat,
723 1291 791 1310 cum
807 1281 946 1311 credide-

234 1320 286 1356 rit,
302 1320 449 1351 τεαλίαν
464 1322 561 1352 fuisse
577 1333 682 1352 nomen
699 1323 855 1363 proprium
874 1324 943 1354 loci.

235 1363 346 1402 Neque
369 1365 468 1394 minus
489 1370 570 1395 errat
592 1366 771 1402 Lambinus,
793 1366 846 1405 qui
870 1367 947 1406 legit

235 1405 415 1445 Δαμάγητος
438 1407 450 1436 ὁ
469 1406 666 1443 'Eu-reama,
689 1410 775 1448 quasi
792 1410 947 1439 diceretur

235 1449 385 1479 Entealiae
410 1449 501 1480 filius.
546 1452 631 1489 Lege
653 1449 684 1480 ἐν
703 1452 747 1493 τῇ
766 1451 850 1491 ἁλίᾳ
878 1463 946 1481 cum

235 1491 312 1521 Cod.
325 1492 458 1531 Guelph.
473 1498 504 1523 et
519 1494 668 1532 Altemps.
685 1505 730 1524 sc.
754 1496 787 1525 in
805 1495 899 1531 Coetu,
916 1494 946 1524 in

233 1535 376 1564 concione.
399 1533 565 1566 Ἐκκλησίαν
579 1536 718 1566 dicerent
729 1538 947 1573 Athenienses,

235 1576 288 1616 qui
303 1587 387 1608 suam
406 1578 558 1610 habebant
575 1579 745 1610 Concionem
765 1580 948 1619 popularem,

975 822 993 841 a
1009 811 1120 842 Senatu
1135 812 1302 848 diversam,
1323 817 1354 842 et
1370 812 1593 851 quodammodo
1610 811 1687 841 infe-

974 855 1103 885 riorem:
1127 856 1224 894 Cujus
1244 860 1310 885 erat
1325 855 1452 885 consilia
1472 855 1560 894 prius
1575 854 1690 894 agitata

976 898 1014 927 ab
1029 899 1090 928 isto
1113 900 1226 928 Senatu
1249 895 1526 940 (προβουλεύματα)
1543 897 1689 935 excipere

977 945 1008 970 et
1028 945 1095 970 rata
1114 941 1234 971 facere:
1261 941 1400 970 similiter
1419 945 1453 969 ut
1474 940 1526 970 hie
1541 939 1690 981 Byzantii

977 985 1166 1022 Demagetus
1179 984 1217 1013 ad
1231 984 1375 1022 populum
1389 983 1470 1019 tulit,
1483 981 1516 1012 ἐκ
1527 985 1582 1016 wie,-
1591 984 1690 1017 Βωλὲίς

977 1024 1068 1056 λαῧὼν
1081 1026 1185 1067 ῥήτραν.
1210 1026 1366 1056 Praeivere
1378 1026 1409 1056 in
1424 1027 1479 1056 hac
1496 1025 1689 1055 restitutione

977 1069 1050 1099 Viri
1073 1069 1162 1107 longe
1186 1068 1370 1105 doctissimi,
1392 1069 1459 1098 Van
1481 1069 1591 1098 Dalius
1616 1068 1690 1098 Dis—

979 1116 1082 1142 sertat.
1098 1113 1163 1142 IX.
1176 1113 1211 1141 C.
1230 1114 1260 1142 3.
1284 1111 1426 1142 Valesius
1442 1112 1496 1141 lv.
1515 1111 1642 1141 Emend.
1655 1113 1685 1142 9.

979 1154 1118 1194 Scliptor
1155 1155 1294 1184 eruditus
1324 1154 1355 1184 in
1386 1154 1521 1185 Miscell.
1552 1154 1685 1183 Observ.

978 1198 1065 1227 Tom.
1083 1198 1127 1226 ΙΙ.
1142 1207 1214 1236 pag.
1234 1198 1309 1228 355.
1329 1202 1360 1227 et
1375 1196 1576 1232 TonrreHius,
1592 1196 1688 1226 Galli-

979 1250 1035 1268 cus
1056 1241 1226 1277 Interpres,
1242 1239 1294 1278 qui
1310 1239 1416 1269 utilem
1433 1244 1464 1269 et
1479 1240 1598 1269 felicem
1615 1243 1688 1278 opess

978 1292 1042 1312 ram
1064 1282 1096 1311 in
1120 1282 1178 1311 hoc
1201 1284 1337 1312 Decreto
1363 1281 1539 1312 collocavit.
1567 1282 1625 1311 ‘Et
1649 1291 1689 1317 ex

978 1323 1030 1360 iis,
1052 1324 1105 1364 qui
1127 1324 1288 1364 praeivere,
1311 1324 1447 1354 nonnulli
1471 1324 1563 1354 etiam
1585 1324 1690 1354 admo-

980 1372 1124 1402 nuerunt,
1139 1367 1239 1398 simile
1253 1368 1317 1397 fere
1328 1368 1562 1397 Monumentum
1573 1366 1689 1396 servari

980 1409 1011 1439 in
1027 1420 1121 1449 opere
1137 1410 1319 1440 Gruteriano
1333 1410 1470 1440 ccccl.
1514 1409 1618 1439 Simile
1644 1409 1690 1438 in-

980 1463 1080 1492 quam,
1113 1452 1138 1482 si
1167 1453 1219 1483 vel
1248 1452 1405 1482 materiam
1434 1457 1568 1492 spectes,
1599 1456 1690 1491 atque

981 1496 1060 1533 grati
1086 1495 1177 1525 animi
1207 1495 1472 1534 significationem,
1502 1495 1569 1525 sive
1598 1495 1690 1524 etiam

982 1538 1166 1568 Dorensium
1204 1538 1467 1568 ’ωλατυασ-δούντων
1504 1537 1665 1568 dialectum
1683 1547 1692 1574 3

982 1580 1138 1621 Scriptum
1155 1581 1235 1612 enim
1247 1581 1307 1611 fuit
1321 1581 1497 1621 Agrigenti.

578 1687 637 1710 Em
1203 1688 1390 1712 ΙΕΡΟΘΥΤΑ

486 1736 748 1762 ΝΤΜΦΟΔΩΡΟΥ
929 1738 1005 1762 ΤΟΥ
1180 1739 1341 1763 ΦΙΛΩΝΟΣ

490 1788 738 1813 ΠΑΡΑΠΡΟΣΤΑ
933 1790 1005 1813 ΤΑΣ
1179 1789 1327 1814 ΒΟΎΛΑΣ

488 1838 802 1864 ΠΡΟΕΔΡΕΎΟΎΣΑΣ
1180 1840 1253 1864 ΤΑΣ
1277 1839 1400 1864 ΦΥΛΑΣ

489 1889 567 1913 ΤΩΝ
588 1889 740 1914 ΎΛΛΕΩΝ
1179 1888 1497 1914 ΠΡΟΑΓΟΡΟΥΝΤΟΣ

705 1956 886 1982 ΔΙΟΚΛΕΟΣ
917 1957 993 1982 ΤΟΥ
1018 1957 1201 1983 ΔῙΟΚΛΕΟΣ

531 2007 881 2032 ΓΡΑΜΜΑΤΕΎΟΝΤΟΣ
906 2007 1140 2033 ΑΔΡΑΝΙΩΝΟΣ
1166 2005 1413 2031 ΑΛΕΞΑΝΔΡΟΥ

410 2057 578 2082 ΑΛῙΑΣΜΑ
601 2058 642 2081 ΕΣ
665 2058 738 2081 ΤΑΣ
763 2058 932 2082 ΔΙΜΗΝΟΥ
955 2056 1132 2081 ΚΑΡΝΕΙΟΥ
1157 2054 1349 2080 ΕΞΗΚΟΤΟΣ
1372 2056 1510 2080 ΠΑΝΤΑΙ

451 2109 548 2133 ’ΥΠΕΡ
570 2107 772 2133 ΠΡΟΞΕΝΙΑΣ
797 2108 1004 2134 ΔΗΜΗΤΡῙΩΙ
1028 2106 1225 2132 ΔΙΟΔΟΤΟΥ
1249 2107 1471 2132 ΣΥΡΑΚΟΣΙΩΙ

276 2223 394 2249 ΕΔΟΞΕ
418 2225 481 2249 ΤΑῙ
505 2225 567 2249 ΛΑΙ
591 2225 690 2250 ΚΑΤΑ
714 2225 775 2249 ΚΑΙ
797 2225 860 2250 ΤΑΙ
884 2225 1151 2251 ΣΎΓΚΛΗΤΡΩῙΡΙ
1175 2224 1310 2249 ΕΠΕΙΔΗ
1335 2225 1442 2249 ΑΝΑΓ-

316 2276 461 2301 ΓΕΛΛΟΝ
482 2275 518 2300 01
541 2276 721 2301 ΠΡΕΣΒΕΕΣ
746 2276 780 2301 01
804 2276 845 2302 ΕΣ
870 2277 998 2301 ΡΩΜΑΝ
1021 2276 1282 2301 ΠΟΡΕὙΘΕΝΤΕΣ
1308 2276 1449 2300 ΠΑΣῙΩΝ

316 2327 504 2351 ΠΑΣΙΩΝΟΣ
529 2326 700 2351 ΚΟΤΗΤΟΣ
725 2327 786 2351 ΚΑΙ
809 2327 1007 2353 ΘΕΟΔΩΡΟΣ
1032 2327 1235 2353 ΘΕΟΔΩΡΟΥ
1258 2325 1420 2352 ΞΗΝΙΑΔΑ

319 2378 533 2402 ΔΗΜΗΤΡῙΟΝ
549 2376 743 2402 ΔΙΟΔΟΤΟΤ
768 2378 995 2403 ΣὙΡΑΚΟΣΙΟΝ
1018 2379 1171 2403 ΠΟΛΛΑΣ
1194 2378 1253 2402 ΚΑΙ
1277 2377 1450 2402 ΜΕΓΑΛΑΣ
1473 2377 1600 2402 ΧΡΕΙΑΣ

318 2428 588 2453 ΠΑΡΕῙΣΧΗΣΘΑΙ
611 2429 679 2452 ΤΩῙ
703 2429 800 2453 ΑΜΩΙ
823 2429 947 2454 ΔΑΜΩΙ
971 2430 1030 2454 ΚΑΙ
1053 2428 1231 2453 ΜΕΓΑΛΩΝ
1255 2428 1405 2452 ΑΓΑΘΩΝ
1428 2428 1615 2452 ΠΑΡΑΤΙΟΣ

319 2478 486 2503 ΓΕΓΟΝΕΙΝ
509 2478 593 2503 Tol}
618 2479 665 2504 ΔΕ
690 2479 974 2504 ΑΚΡΑΓΑΝΤΙΝΟῙΣ
998 2479 1159 2504 ΠΑΤΡΙΟΝ
1183 2479 1263 2503 ΕΣΤΙ
1286 2478 1347 2502 ΚΑΙ
1371 2478 1414 2502 ΕΚ
1436 2478 1629 2502 ΠΡΟΓΟΝΩΝ

315 2529 642 2555 ΠΑΡΑΔΕΔΟΜΕΝΟΝ
666 2529 789 2553 TIMEIN
811 2529 908 2554 ΤΟΎΣ
934 2531 1105 2555 ΑΓΑΘΟΎΣ
1131 2530 1273 2555 ΑΝΔΡΑΣ
1298 2528 1359 2553 ΚΑΙ
1385 2528 1598 2553 ΠΡΟῙΣΤΑΜΕ

323 2579 419 2605 ΝΟὙΣ
442 2580 519 2605 ΤΟΥ
543 2580 647 2605 ΑΜΟΤ
671 2580 804 2605 ΔΑΜΟΥ
827 2581 910 2604 ΤΑΙΣ
935 2579 1130 2605 ΚΑΤΑΞΙΟΙΣ
1154 2578 1298 2604 ΤΙΜΑΧΣ.

237 2697 428 2725 ΔΕΔΟΧΘΑΙ
452 2699 511 2723 Em
527 2699 664 2724 ΑΓΑΘΑΙ
680 2698 794 2724 ΤΥΧΑΙ
818 2700 878 2723 ΚΑΙ
893 2699 1067 2724 ΣΩΤΗΡΙΑῙ
1082 2699 1158 2725 ΤΟΥ
1174 2698 1308 2725 ΔΑΜΟΥ
1323 2698 1401 2723 ΤΩΝ
1418 2697 1694 2723 ΑΚΡΑΓΑΝΤΙΝΩΝ

322 2757 440 2782 ElMElN
463 2757 655 2784 ΠΡΟΞΕΝΟΝ
677 2758 738 2783 ΚΑΙ
762 2758 969 2783 ΕΎἝΡΓΕΤΑΝ
989 2758 1203 2784 ΔΗΜΗΤΡΙΟΝ
1226 2757 1422 2784 ΔΙΟΔΟΤΟΥ
1447 2756 1625 2782 ΣΎῬΑΚΟΣΙ

319 2806 367 2831 ΟΝ
390 2808 493 2833 ΟΠΩΣ
515 2809 604 2834 ΠΑΣΙ
627 2809 787 2834 ΦΑΝΕΡΟΝ
810 2809 900 2834 ΠΟΤΙ
923 2809 946 2834 0
970 2809 1099 2834 ΔΑΜΟΣ
1122 2810 1201 2834 ΤΩΝ
1224 2808 1504 2833 ΑΚΡΑΓΑΝΤΙΝΩΝ
1526 2808 1585 2832 Em

323 2858 460 2883 ΣΤΑΤΑΙ
484 2860 641 2885 ΧΑΡΙΤΆΣ
666 2860 874 2886 ΑΠΟΝΕΜΕΙΝ
897 2858 1082 2885 ΚΑΤΑΞΧΑΣ
1104 2860 1189 2884 ΤΟΙΣ
1214 2859 1430 2884 ΕΤΕΡΓΕΤΕΙΝ
1451 2858 1565 2882 ΠΡΟΑΙ

323 2909 529 2935 ΡΟΥΜΕΝΟῙΣ
553 2912 675 2938 ΑΥΤΟΝ
699 2913 750 2938 ΤΟ
773 2912 822 2938 ΔΕ
845 2912 973 2938 ΔΟΓΜΑ
997 2912 1097 2938 ΤΟΔΕ
1119 2911 1369 2936 ΚΟΛΑΨΑΝΤΑΣ
1394 2910 1434 2934 ῙΞΣ
1459 2909 1589 2933 ΧΑΛΚΩ

326 2960 432 2986 ΜΑΤΑ
455 2961 532 2987 ΔΥΟ
556 2962 604 2988 To
629 2963 701 2990 MEN
724 2964 766 2991 EN
790 2963 995 2990 ΑΝΑΘΕΜΕΙΝ
1018 2963 1071 2988 ΕΙΣ
1095 2962 1144 2988 ΤΟ
1168 2959 1447 2987 ΒΟΥΛΕΥΤΗΙἾΟΝ
1470 2959 1519 2984 ΤΟ
1543 2959 1591 2984 ΔΕ
