1928 3284
1544 220 1653 272 361

190 339 414 379 Callistrato
441 339 654 385 Archonte‚
685 337 723 375 h.
744 350 778 376 e.
810 337 973 390 Olymp;
995 343 1087 384 106,
1106 342 1146 376 2.
1167 337 1217 375 ab
1241 338 1289 374 U.
1311 338 1355 377 C.
1378 343 1470 378 399.
1498 352 1533 378 a.
1554 341 1649 380 Chr.

185 405 279 440 355.
315 400 431 440 Ad&
451 400 547 439 nihil
567 398 825 438 dubitationis
843 399 1022 438 relictum
1043 399 1187 445 videas,
1202 399 1296 451 quin
1314 401 1479 438 actionis
1495 408 1648 454 tempus

186 470 305 513 atque
325 464 448 514 ipsum
468 461 583 500 etiam
602 473 744 499 annum
766 467 997 500 teneamus*

240 528 372 576 Atque
391 523 464 562 hac
483 521 619 561 eadem
640 535 759 573 opera
779 523 855 561 hoc
872 536 1031 574 quoque
1051 523 1234 574 liqueret,
1256 536 1334 574 quo
1351 536 1452 562 auno
1472 525 1531 562 lex
1548 534 1651 564 esset

184 598 207 623 a
228 585 392 637 Leptine
406 584 497 630 lata,
518 583 562 630 si,
584 596 702 635 quam
719 584 869 635 pridem
885 597 931 623 ea
955 591 1036 623 tum
1058 584 1305 631 obtinuisset,
1320 598 1438 636 quum
1462 585 1533 624 hac
1554 588 1650 625 Ora·

185 642 294 686 tione'
310 647 613 698 impugnaretur,
634 660 656 685 a
677 653 812 686 nostro
831 653 898 686 aut
924 647 1000 686 alio
1023 647 1212 699 scriptore
1242 648 1443 699 proditum
1464 655 1642 688 exstaret.

183 710 328 749 Verum
363 709 467 749 nulla
492 709 605 748 adest
635 710 719 748 talis
749 709 997 761 significatio,
1029 709 1067 748 id
1103 709 1210 761 quod
1242 710 1484 759 conjecturae
1515 710 1643 749 locum

180 772 319 824 aperit.
377 776 430 812 At
449 773 618 812 Athenis
636 773 778 825 cuique
808 773 911 811 idem
935 774 1003 823 jus
1030 772 1116 820 snit,
1139 773 1261 824 legem
1283 775 1471 823 perlatam
1492 781 1530 812 et
1563 774 1646 812 bre-

180 836 338 874 vissimo
358 835 572 882 intervallo,
595 842 633 876 et
653 836 788 875 decem
808 836 867 874 vel
887 835 1022 886 viginti
1041 836 1151 874 annis
1171 841 1272 886 post,
1294 836 1342 874 ad
1373 849 1513 875 novum
1537 836 1646 886 judi-

183 897 286 935 cium
308 896 512 936 devocare.
572 898 658 936 Fuit
679 898 812 948 utique
835 897 871 935 id
895 897 1059 935 liberum
1081 896 1225 948 cuique
1247 896 1385 944 facere,
1408 911 1644 949 quocunque

183 966 359 1010 tempore
374 958 506 997 vellet.
562 958 607 997 ln
624 959 696 997 hac
712 966 842 998 autem
866 959 964 1010 lege,
986 971 1100 1009 quam
1123 972 1200 997 non
1222 960 1358 1010 paucis
1378 961 1509 998 damni
1526 959 1645 1010 pluri-

179 1033 284 1059 mum
313 1020 468 1060 dedisse
497 1033 657 1059 necesse
683 1028 756 1066 est,
789 1033 932 1059 numne
958 1021 1147 1060 credibile
1177 1020 1232 1067 fit,
1264 1034 1343 1059 rem
1377 1022 1427 1060 ab
1459 1022 1531 1060 illis
1556 1029 1647 1072 post

178 1075 342 1122 mortem
363 1082 476 1134 primi
497 1083 735 1122 accusatoris
756 1096 840 1122 esse
861 1083 1036 1128 dilatam,
1059 1089 1125 1123 aut
1146 1084 1314 1135 segniter
1332 1085 1490 1123 actam?
1519 1084 1643 1122 Etiam
1674 1122 1677 1125 ,

179 1146 254 1184 boc
279 1144 457 1197 amplius.
516 1146 561 1184 In
591 1151 672 1184 tota
701 1145 891 1184 Oratione
924 1145 1050 1184 nullus
1082 1147 1193 1184 locus
1223 1153 1296 1192 est,
1330 1148 1396 1197 qui
1431 1160 1501 1185 nos
1529 1151 1645 1197 cogat

177 1207 437 1246 ademtionem
459 1207 742 1246 immunitatum
764 1221 786 1247 e
806 1208 979 1259 Leptinis
1008 1209 1091 1260 lege
1116 1209 1199 1258 jani
1222 1215 1302 1247 tum
1328 1209 1556 1260 perfectum,
1578 1214 1644 1247 aut

177 1281 400 1320 quenquam
417 1270 579 1320 praemio
599 1270 764 1320 suojam
787 1277 866 1308 tum
885 1271 1094 1320 spoliatum
1113 1278 1263 1321 putare.
1307 1272 1429 1310 Immo
1447 1271 1643 1310 nonnullis

179 1331 219 1368 in
246 1331 343 1369 locis
375 1331 662 1371 Demosthenes
691 1332 744 1370 ita
771 1332 958 1383 loquitur,
980 1339 1022 1370 ut
1043 1334 1224 1380 solemus,
1248 1347 1367 1384 quum
1397 1333 1644 1378 imminentis,

181 1392 355 1431 nondum
372 1392 502 1438 sactae,
523 1393 577 1431 rei
600 1394 707 1432 malis
727 1394 991 1444 proponendis
1014 1394 1188 1432 homines
1203 1395 1254 1433 ab
1275 1408 1319 1433 ea
1334 1395 1514 1434 facienda
1534 1407 1643 1434 aver-

175 1454 318 1500 timus:
350 1467 422 1493 nec
453 1468 632 1505 usquam,
658 1455 765 1506 quod
799 1457 896 1494 solet
925 1457 964 1494 in
996 1457 1069 1494 hoc
1099 1470 1253 1506 genere,
1275 1456 1368 1507 legis
1398 1456 1644 1495 incommoda

175 1515 256 1554 ullo
281 1524 523 1567 argumento,
544 1518 596 1555 ab
625 1518 866 1568 experientia
885 1517 1020 1563 ducto,
1043 1518 1298 1556 demonstrat.
1355 1519 1426 1556 His
1456 1519 1574 1569 igitur
1593 1518 1642 1557 de

174 1576 324 1617 caussis
356 1579 436 1617 veri
474 1578 566 1616 mihi
597 1578 753 1618 videtur
785 1579 923 1625 simile,
960 1580 1081 1631 legem
1119 1579 1258 1630 Elpine
1296 1580 1511 1625 Archonm
1548 1581 1585 1618 h.
1607 1593 1643 1617 e.

175 1639 335 1692 olymp.
362 1643 450 1686 106,
474 1645 509 1679 1.
531 1641 646 1679 latam
667 1654 764 1686 csse,
788 1641 998 1692 statimque
1022 1642 1243 1691 insequenti
1270 1655 1373 1680 auno
1394 1642 1465 1681 hac
1485 1642 1640 1680 actione

169 1702 370 1753 petitam.‘¹

230 1763 362 1814 Ipsum
378 1769 648 1814 argumentum
664 1771 702 1802 et
719 1764 847 1814 capita
868 1765 963 1816 legis
983 1778 1028 1803 ex
1051 1765 1157 1803 nullo
1173 1772 1356 1812 veterum,
1377 1772 1640 1818 praeterquam

174 1837 223 1864 ex
252 1824 328 1864 hoc
349 1825 510 1870 Nostro,
532 1825 690 1875 cognita
720 1826 932 1872 habemus;
968 1828 1041 1864 etsi
1061 1840 1109 1866 ne
1128 1827 1210 1878 ipse
1232 1828 1391 1878 quidem
1413 1835 1532 1867 totam
1554 1842 1641 1867 sen-

687 227 1171 272 PROLEGOMENA.

176 1887 336 1926 tentiam
357 1886 443 1936 ejus
471 1900 550 1924 uno
581 1894 715 1926 tenore
744 1888 888 1926 retulit.

175 1998 320 2020 numerus
331 1989 441 2020 xvn.
453 1989 654 2028 corrigendus
671 1994 745 2020 crat.
771 1990 891 2021 Fallun-

175 2037 225 2062 tur
249 2032 308 2062 viri
323 2032 445 2072 optimi.
490 2033 540 2062 Ex
564 2033 791 2071 computatione
816 2033 891 2064 Dio·

173 2074 255 2114 nysii
271 2075 498 2106 Demosthenes
514 2080 602 2105 nutus
623 2081 672 2105 est
687 2076 810 2116 Olymp.
837 2080 892 2113 99,

174 2120 205 2150 4.
221 2118 410 2158 Demophito
424 2119 517 2149 Arch.
551 2119 633 2157 Ergo
643 2130 734 2158 quum
751 2126 891 2151 extremo

173 2171 264 2197 anno,
295 2172 353 2191 nou
382 2161 517 2198 ineunte,
543 2161 571 2191 in
597 2162 696 2192 lucem
721 2163 823 2193 editus
840 2164 890 2198 sit,

174 2203 258 2234 iden
273 2204 446 2234 Tirnoentu
465 2205 557 2235 Arch.
585 2206 728 2245 (Olymp.
749 2208 818 2240 104.
842 2206 891 2247 1.)

175 2246 239 2277 diei
260 2247 394 2278 debebat
407 2258 494 2288 agere
509 2258 621 2279 annum
647 2249 699 2279 XX
714 2249 758 2284 Η.
774 2256 804 2280 et
820 2250 890 2280 Cal-

175 2289 294 2321 listrato
311 2290 403 2320 Arch.
418 2292 560 2331 (olymp.
578 2294 652 2325 106.
669 2291 716 2331 2.)
742 2292 890 2331 complesse

175 2342 286 2363 nunus
319 2333 444 2369 XXV..
474 2334 503 2364 id
530 2339 589 2370 est,
611 2345 697 2375 agere
713 2345 740 2364 a.
757 2335 889 2366 XXVI.

175 2375 310 2406 Interest
341 2377 482 2407 nimirum
520 2377 637 2416 aliquid
675 2378 755 2408 int'er
786 2380 890 2414 verba,

174 2415 205 2448 ἓν
229 2416 396 2459 ὖμῖιβηιὰς
409 2420 483 2454 hx.
502 2426 532 2455 ct
559 2420 621 2455 ἔτος
635 2420 720 2462 ἔχων,
735 2422 815 2461 quod
834 2433 890 2461 po-

174 2461 286 2492 steriu-
315 2462 397 2493 idem
431 2469 490 2499 est,
513 2473 548 2493 uc
578 2466 702 2502 ysyovi:.
746 2467 888 2495 Attamen

177 2504 321 2544 Dionysii
352 2506 418 2547 ipsa
447 2503 599 2536 sententis
624 2507 663 2536 de
695 2507 785 2546 natali
811 2519 888 2538 anno

174 2548 316 2579 oratoris
343 2559 414 2579 vera
430 2560 488 2579 nnn
514 2556 572 2585 est,
594 2550 736 2588 quumvis
761 2560 826 2581 enm
858 2556 888 2581 et

176 2591 360 2622 Plutarchus
375 2598 521 2632 sequatur
545 2592 574 2622 in
595 2593 656 2622 vit.
676 2594 834 2624 Demostb.
858 2600 888 2624 et

174 2634 268 2665 bodio
283 2634 444 2665 doctorum
461 2635 598 2675 plerique
614 2645 730 2666 omues.
776 2638 889 2667 Osten-

174 2676 285 2708 domt
300 2677 331 2708 id
358 2678 392 2707 S.
418 2679 538 2709 Potitus
560 2680 599 2709 de
616 2679 752 2716 Legibus
773 2678 889 2720 Atticis

176 2730 209 2760 p·
235 2722 310 2751 267.
333 2726 365 2750 et
380 2722 502 2752 Coruin.
531 2723 611 2752 Fut.
642 2723 707 2752 Au.
727 2723 765 2752 Τ.
786 2723 832 2753 ΙΙ.
854 2734 887 2764 p.

179 2763 267 2798 2³9..
280 2768 312 2793 et
336 2773 393 2794 uos
408 2765 490 2795 idern
506 2775 631 2803 ngemus
647 2766 721 2796 tlibi
746 2766 890 2796 tollendis

178 2806 273 2836 urii·
288 2805 319 2836 iu
342 2815 380 2837 eu
402 2817 436 2838 re
465 2808 718 2839 dubitationibus.
763 2810 887 2840 Interim

176 2848 331 2878 cumillis
361 2850 516 2890 sequimur
541 2852 721 2891 scriptorem
752 2853 791 2883 de
825 2853 889 2883 Vit.

179 2891 227 2922 Χ.
249 2891 320 2921 Orr.
336 2891 389 2931 qui
404 2894 514 2924 naulis
530 2895 599 2924 unni
616 2895 797 2925 Ambonium
826 2896 889 2925 De-

179 2934 319 2965 xiil-ena
353 2934 468 2974 prodit,
492 2946 643 2968 nmmum
679 2938 888 2977 magistratum

177 2976 307 3017 Olymp-
334 2979 389 3013 98.
414 2981 446 3011 4.
470 2988 499 3010 u.
525 2979 598 3010 chr.
620 2982 695 3012 ³8⁵.
756 2981 889 3012 Proinde

225 3029 303 3050 vos..
322 3030 360 3050 ιι.

946 1890 1061 1940 Opus
1089 1894 1148 1927 est
1176 1899 1269 1940 ergo
1297 1891 1559 1941 coagmentari
1579 1904 1638 1935 ea,

928 1992 1152 2022 Demosthenes
1172 2003 1263 2032 quum
1283 1994 1460 2032 Leptinenm
1476 1995 1529 2025 Or.
1549 1995 1640 2025 hahe—

925 2034 988 2068 bat,
1001 2045 1109 2064 annum
1125 2037 1235 2075 ngebnt
1253 2035 1370 2067 XXX.

969 2084 984 2104 8
1004 2078 1137 2108 Eandem
1160 2079 1319 2114 rationem,
1343 2080 1373 2110 h.
1392 2090 1420 2110 e.
1436 2079 1535 2119 ipsum
1562 2080 1638 2110 Dio-

926 2121 1046 2160 nysium
1064 2122 1348 2165 llaliqurnazsmm,
1364 2124 1503 2163 seqnitur
1515 2124 1638 2163 Anony-

925 2174 1004 2200 mus,
1018 2175 1107 2204 quem
1121 2171 1241 2198 vocant.
1256 2165 1285 2195 in
1294 2164 1499 2205 Ὀλυμπιὲιδωι
1514 2166 1636 2207 ἀπαγξα-

925 2207 965 2248 φῇ
985 2219 1015 2247 p.
1030 2210 1106 2239 326.
1151 2209 1199 2238 Ab
1215 2220 1251 2238 en
1266 2208 1388 2248 longius
1414 2210 1478 2239 abit
1505 2209 1635 2240 Photius

925 2251 954 2280 in
972 2251 1152 2291 loco,quem
1166 2252 1319 2291 exscripsi
1337 2253 1365 2282 iu
1377 2253 1550 2283 Comment.
1566 2260 1589 2292 ς’.
1606 2256 1636 2283 ά.

925 2293 1014 2326 Nihil
1035 2301 1134 2324 tamen
1152 2295 1435 2334 ihinorrigendum,
1456 2296 1513 2326 nisi
1534 2297 1635 2326 forsan

923 2335 1008 2367 πέντε
1034 2338 1081 2367 καὶ
1103 2339 1190 2367 ninom
1211 2339 1343 2377 γιγυνότα
1365 2339 1426 2373 ivn.
1451 2340 1500 2368 vel
1521 2350 1558 2368 ne
1579 2340 1636 2369 hoc

924 2380 1056 2417 quidem.
1094 2381 1213 2411 lii-roris
1228 2392 1337 2413 caussa
1352 2383 1509 2413 manifesta
1533 2389 1579 2412 cst
1596 2393 1636 2413 ex

923 2421 972 2458 iis,
989 2435 1058 2463 qua:
1084 2424 1173 2454 modo
1192 2425 1230 2455 de
1251 2427 1477 2465 computatione
1496 2425 1638 2464 Dionysii

923 2476 1036 2496 monui.

967 2508 981 2530 Ι·
994 2511 1053 2540 Pro
1065 2509 1174 2550 Elpine
1186 2510 1327 2550 plerique
1335 2511 1418 2541 «nale
1435 2511 1571 2541 scribunt
1585 2510 1645 2544 Ek,

922 2551 1054 2591 pinioen.
1102 2554 1174 2592 ipsu
1197 2555 1301 2593 opinio
1323 2562 1388 2583 meu
1411 2553 1449 2583 de
1465 2562 1543 2584 anno
1566 2554 1635 2584 latu:

924 2595 1002 2634 legis
1010 2604 1075 2626 non
1094 2601 1141 2626 est
1156 2606 1245 2632 nors,
1259 2603 1291 2626 ut
1305 2607 1382 2626 nunc
1397 2596 1488 2626 vida-0
1501 2597 1635 2627 Potitum

923 2643 1056 2669 tractans
1075 2640 1136 2670 bh.
1151 2640 1216 2669 ΛΑ.
1233 2651 1262 2679 p.
1271 2641 1344 2669 1381.
1389 2640 1449 2667 Sed
1469 2639 1494 2668 is
1509 2650 1566 2669 non
1583 2640 1635 2670 hu-

924 2682 985 2715 bet.
998 2692 1058 2721 quo
1073 2693 1137 2712 eum
1151 2684 1320 2714 confirmet.
1337 2681 1392 2711 nisi
1408 2683 1498 2712 verbu
1508 2683 1636 2721 Argum.

925 2726 1026 2764 gru-ei.
1041 2728 1123 2764 μετὰ
1139 2725 1184 2754 τὸν
1205 2724 1322 2754 §naua-‘lv
1345 2724 1462 2755 imin-n
1486 2727 1636 2768 κατὴγορος

923 2767 1078 2806 Ἀφιψίαη,
1103 2768 1155 2802 υἱὸς
1178 2767 1333 2798 Βιθίππου
1355 2779 1382 2796 κ.
1399 2780 1428 2797 τ.
1445 2774 1472 2797 λ.
1513 2768 1637 2806 Quodsi

923 2811 994 2850 quis
1005 2811 1068 2845 illn,
1079 2814 1159 2850 μετὰ
1172 2811 1217 2841 τὶν
1228 2810 1455 2845 ὖνιιιννόν,ι1ἰῑει’
1464 2811 1563 2851 accipi
1575 2823 1635 2844 non

925 2864 1014 2893 posse
1046 2860 1142 2892 pum,
1171 2853 1353 2893 omninoque
1375 2855 1546 2894 'Anonymo
1583 2855 1637 2899 isti

923 2896 1039 2935 aliquid
1057 2897 1085 2925 in
1108 2897 1164 2926 hoc
1182 2897 1371 2927 auctoritatis
1384 2897 1501 2934 tribuit.
1521 2902 1634 2930 oeream

924 2949 987 2968 rem
1004 2949 1073 2968 esse
1089 2939 1147 2969 sibi
1165 2940 1356 2979 persuadent.
1401 2941 1467 2980 Ego
1489 2942 1633 2981 prob-bi-

925 2982 984 3011 lem
1000 2981 1174 3022 opinionem
1183 2983 1323 3013 attulisse
1337 2982 1413 3014 sutis
1427 2983 1534 3015 huben.

925 3026 946 3054 3
965 3036 981 3054 Α
