1928 3284
399 402 422 425 ·
737 403 1143 448 1.TAYLOR1

597 526 1267 582 PRAEFATIO

926 680 972 700 Ab

718 778 1160 822 ORATIONEM

423 899 1448 968 DEMOSTHENIS

599 1061 903 1102 ADVERSUS
933 1062 1247 1102 LEPTINEM.

257 1180 510 1220 ΗειτΛτιοη
541 1183 664 1221 multo
683 1182 786 1234 apud
810 1183 1004 1235 Antiquos
1029 1192 1113 1222 erat
1134 1183 1354 1234 InscriptiO,
1375 1182 1460 1233 περὶ
1480 1181 1663 1227 ἀτελείας,

198 1241 278 1280 nive
298 1243 426 1294 potius
445 1246 526 1294 περὶ
545 1245 734 1291 ἀτελειῶν,
761 1244 824 1282 Dc
850 1244 1154 1292 Immunitatibus,
1183 1258 1261 1296 quo
1280 1243 1435 1283 nomine
1459 1242 1664 1281 laudarunt

201 1304 443 1351 Plutarchus,
474 1306 512 1343 in
531 1306 609 1344 vita
628 1306 916 1354 Demosthenis,
938 1307 1146 1360 Dionysius
1177 1307 1310 1346 Halic.
1340 1306 1381 1344 in
1410 1304 1585 1356 Epistola
1613 1303 1664 1341 ad

201 1366 420 1404 Ammaeum
450 1380 539 1419 pag.
560 1371 649 1407 121.
668 1368 752 1407 init.
770 1369 876 1407 Edit.
895 1369 1081 1422 Sylburg.
1106 1370 1168 1422 [p.
1184 1368 1386 1408 cccxxxvi.
1405 1367 1480 1406 vol.
1497 1367 1526 1405 1.
1551 1367 1591 1417 §.
1604 1365 1665 1416 δ’.]

198 1434 316 1478 atque
347 1428 495 1475 iterum,
517 1429 567 1468 de
597 1429 826 1469 admiranda
844 1431 882 1469 vi
911 1431 1067 1470 dicendi
1091 1431 1131 1470 in
1154 1431 1360 1470 Demosth.
1379 1442 1469 1482 pag.
1492 1426 1663 1470 171.f1n.

201 1489 418 1528 Athenaeus
453 1490 479 1528 l.
503 1495 542 1529 4.
569 1504 607 1542 p.
633 1495 721 1531 166.
758 1492 861 1531 Edit.
891 1496 1006 1533 1612.
1030 1493 1217 1532 Priscian.
1248 1494 1272 1530 l.
1296 1496 1358 1532 18.
1393 1492 1666 1542 Hermogenes

198 1551 442 1603 saepiuscule,
474 1552 637 1592 Photius
666 1554 705 1591 in
726 1555 950 1606 Myriobibl.
972 1556 1100 1595 Codd.
1121 1568 1277 1594 cctxv.
1301 1562 1339 1593 et
1360 1553 1397 1592 in
1416 1553 1567 1591 Lexico
1586 1552 1666 1590 ine-

197 1612 293 1658 dito,
313 1627 348 1651 v.
369 1613 528 1660 Θέσὲαι,
551 1623 591 1653 ct
606 1615 853 1668 Λυσίμαχος,
874 1617 914 1655 in
935 1631 1012 1669 qua
1030 1631 1127 1657 voce
1157 1617 1262 1669 apud
1291 1615 1451 1655 Suidam
1482 1628 1552 1667 pro
1578 1616 1663 1652 ἀτε-

196 1676 306 1712 λειῶν
325 1688 528 1727 perperam
548 1677 692 1727 legitur
712 1678 903 1729 ἀῐελφῶνς
934 1679 1039 1730 quali
1068 1679 1211 1718 mendo
1242 1678 1356 1716 etiam
1384 1677 1537 1715 laborat
1558 1675 1662 1714 Har-

195 1743 339 1787 pocrat.
359 1737 397 1774 in
417 1737 657 1781 Δεκατευτὰς.
715 1738 852 1776 Oratio
873 1747 932 1775 est
956 1742 1208 1789 χαριέστατος
1235 1739 1414 1776 ἁπάντων
1442 1737 1503 1774 καὶ
1533 1746 1666 1790 γραφι-

196 1803 368 1844 κώτατος,
388 1805 429 1835 ut
449 1798 582 1836 scribit
602 1799 808 1848 Dionysius
835 1798 924 1837 loco
944 1799 1076 1837 citato.
1134 1798 1344 1850 Egregiam
1372 1798 1410 1836 in
1437 1811 1484 1836 ea
1512 1798 1664 1837 subtili-

194 1866 314 1898 tatem
342 1858 553 1897 admiratus
573 1867 632 1898 est
653 1859 793 1898 Cicero
813 1859 925 1899 Orat.
946 1860 998 1898 ad
1018 1860 1183 1898 Brutum
1202 1861 1282 1900 III.
1342 1860 1464 1911 Cujus
1492 1860 1663 1912 denique

194 1920 395 1959 exordium
425 1934 502 1959 non
522 1920 748 1959 illaudatum
768 1921 951 1972 proeteriit
971 1935 1141 1961 summus
1160 1921 1226 1961 ille
1246 1921 1426 1968 Crificus,
1447 1921 1663 1973 Dionysius

192 1981 408 2033 Longinus,
423 1990 523 2020 teste
537 1981 678 2020 Photio
698 1982 735 2020 in
749 1982 974 2034 Myriobibl.
991 1983 1078 2021 loco
1092 1997 1208 2035 supra
1226 1996 1250 2022 a
1266 1996 1330 2022 me
1348 1982 1518 2021 laudato.
1551 1983 1663 2021 Idem

193 2044 357 2083 Photius
376 2044 518 2083 ibidem
538 2043 721 2082 traditum
742 2058 825 2083 esse
845 2045 910 2091 ait,
932 2045 1242 2085 Demosthenem
1267 2058 1353 2084 eam
1385 2044 1660 2096 conscripsisse

191 2119 313 2145 annos
339 2114 471 2144 natum
493 2106 639 2143 XXIV.
712 2106 806 2145 Φασὶ
827 2106 878 2151 Fi,
908 2107 973 2145 τὸν
993 2107 1240 2158 Δημοσθένην
1265 2109 1428 2156 τέσσαρα
1457 2108 1515 2143 καὶ
1544 2107 1660 2145 εἴκοσι

192 2172 379 2219 γεγονότα
398 2169 460 2214 ἔτη
481 2169 546 2207 τὸν
566 2171 646 2219 περὶ
674 2175 746 2206 τῶν
776 2170 966 2215 ἀτελειῶν,
998 2171 1077 2215 ἤτοι
1106 2170 1170 2218 τὸν
1199 2168 1291 2220 πρὸς
1311 2168 1522 2214 Λεπτίνην,
1553 2171 1658 2220 φιλο-

191 2234 429 2277 πονήσασθαι
455 2232 586 2279 λόγον.
605 2229 647 2268 οὗ
667 2229 708 2268 τὸ
729 2234 923 2281 προοίμιον
940 2230 1140 2280 Λογγῖνος
1166 2233 1186 2268 ὁ
1207 2230 1378 2281 Κριτικὺς
1409 2230 1658 2278 ἀγωνιστικὸν

191 2294 345 2344 νομίζει.
401 2293 561 2337 Contra,
579 2292 752 2330 Proetore
771 2292 938 2331 Athenis
955 2293 1174 2331 Callistrato
1200 2292 1370 2330 habitam
1391 2304 1475 2330 esse
1497 2298 1658 2330 conten-

191 2354 248 2392 dit
268 2354 432 2406 Dionys.
456 2353 657 2392 Halicarn.
677 2353 741 2404 qui
761 2361 844 2391 erat
860 2353 1018 2406 Olymp.
1033 2354 1142 2394 CVI.
1163 2366 1286 2393 annus
1308 2352 1514 2398 secundus,
1538 2360 1656 2404 atque

191 2415 291 2455 adeo
311 2415 587 2454 Demosthenis
607 2415 685 2453 nati
709 2415 880 2452 XXVII.
939 2416 1171 2456 Habebatur
1201 2422 1306 2456 certe
1333 2415 1394 2453 vix
1425 2422 1515 2454 ante
1545 2414 1655 2452 istam

189 2485 360 2523 oetatem,
379 2491 493 2528 quam
515 2477 722 2528 assignavit
743 2476 917 2524 Photius,
938 2485 1006 2516 aut
1025 2478 1121 2518 citra
1142 2479 1268 2525 istam,
1291 2490 1405 2529 quam
1430 2475 1656 2528 Dionysius.

191 2540 293 2578 Nam
315 2540 472 2592 Olymp.
494 2539 579 2578 CV.
602 2543 638 2578 3.
662 2539 875 2577 secundum
907 2540 1122 2579 Diodorum
1154 2540 1325 2578 Siculum
1346 2537 1544 2588 Philippus
1568 2539 1654 2575 Ma—

189 2602 365 2641 cedonioe
386 2602 471 2640 Rex
493 2601 667 2653 Pydnam
689 2608 728 2639 et
745 2601 959 2641 Potidoeam
978 2602 1095 2654 cepit,
1111 2602 1215 2646 CVI,
1232 2605 1268 2640 3.
1291 2608 1418 2639 autem
1440 2598 1534 2636 obiit
1555 2597 1656 2636 Leu-

190 2676 251 2710 co,
271 2663 357 2702 Rex
380 2664 557 2715 Bospori.
615 2663 779 2701 Constat
799 2670 928 2702 autem
956 2677 1006 2701 ex
1035 2668 1081 2711 ἐξ.
1099 2663 1148 2700 S‘.
1164 2663 1218 2700 ιό’.
1239 2670 1278 2699 ct
1299 2662 1350 2699 ιε’.
1371 2661 1483 2709 hujus
1513 2659 1653 2698 oratio-

190 2726 262 2770 nis,
290 2733 383 2771 tum,
411 2738 529 2777 quum
561 2725 692 2763 habita
722 2732 840 2770 esset,
874 2733 1009 2777 captas
1038 2738 1122 2764 esse
1154 2723 1329 2776 Pydnam
1357 2729 1394 2759 ct
1422 2721 1652 2766 Potiti-mam,

191 2787 416 2825 Leuconem
446 2795 576 2825 autem
611 2786 738 2824 adhuc
758 2786 874 2825 fuisse
901 2787 1161 2838 superstite-n.
1218 2785 1340 2822 Porro
1370 2789 1538 2820 excunte
1569 2795 1655 2820 ora-

191 2849 297 2887 tione
325 2857 585 2887 memorantur
603 2848 738 2886 Dionis
759 2862 817 2887 res
837 2849 1001 2887 feliciter
1021 2856 1141 2898 gestoe
1164 2854 1299 2884 contra
1320 2844 1550 2896 Dionysium
1572 2844 1652 2895 Ty-

192 2923 367 2956 rannum,
384 2910 540 2961 agitatre
559 2910 635 2947 illoe
654 2910 810 2961 quidem
831 2911 932 2948 circa
949 2911 1108 2960 Olymp.
1123 2908 1229 2947 CVl.
1247 2907 1425 2952 inediam,
1442 2906 1493 2943 ita
1515 2913 1554 2943 ut
1573 2919 1650 2944 non

194 2971 365 3012 dubitem
400 2972 669 3025 pronunciare,
708 2972 1093 3011 Halicarnasscnscm
1127 2969 1349 3022 ipsissimam
1378 2975 1534 3007 aetatem
1563 2967 1651 3005 teti-

1140 3036 1169 3055 Q
