1928 3284
699 207 1187 254 PROLEGOMENA.
1533 203 1642 259 357

186 320 292 366 Quin
311 319 415 372 apud
446 319 658 370 auditores,
680 319 816 371 quales
837 317 1002 357 Athenis
1024 316 1104 356 fere
1123 321 1271 368 essent,
1292 316 1333 356 in
1352 317 1437 357 soro
1463 323 1582 371 atque
1606 320 1645 358 in

179 382 359 432 judiciis,
388 383 429 421 ie
447 390 519 427 est,
550 381 726 420 homines
747 380 840 419 mire
869 381 969 419 inter
997 392 1037 418 se
1065 379 1234 430 ingenio,
1255 380 1427 418 moribus
1446 388 1484 419 et
1504 382 1646 432 peritia

186 457 314 483 rerum
334 444 522 495 dispares,
542 455 647 494 saepe
666 442 767 481 adeo
787 455 887 494 opus
916 454 1001 480 esse
1028 440 1172 492 potuit,
1194 441 1420 491 gravissima
1447 450 1647 482 momenta

185 507 379 545 rationum
397 505 533 544 animis
551 512 590 544 et
605 505 799 544 memoria:
821 505 1030 555 impensius
1050 503 1309 548 inculcare,et
1324 504 1399 542 boc
1415 511 1534 556 pacto
1555 519 1645 556 neg-

184 570 382 621 ligentium
403 583 561 621 quoque
581 583 627 608 ac
649 569 922 608 reluctantium
956 580 1152 607 assensum
1172 575 1417 619 extorquere.
1474 569 1554 615 Qui
1574 582 1645 620 pro

185 631 374 670 concione
395 631 447 669 ibi
468 632 652 669 voluisset
669 630 945 682 Tliucydidins
964 642 1063 674 esse,
1077 642 1136 667 nae
1159 629 1215 667 illi
1233 629 1546 680 intempestivum
1564 636 1645 667 stu-

183 692 289 731 dium
317 705 456 744 magno
477 692 682 731 stetisset.¹>
737 692 895 737 Verum,
919 697 960 729 ut
979 690 1077 740 dixi,
1106 690 1169 728 hic
1199 689 1302 728 haud
1323 689 1437 728 facile
1458 690 1538 729 ulla
1557 703 1645 728 sen-

183 755 303 792 tentia
322 754 495 800 iteratur,
517 767 634 805 quam
662 767 739 792 non
759 754 836 793 alio
858 760 974 804 atque
991 752 1067 791 alio
1087 753 1220 790 colore
1240 752 1438 790 inductam
1461 752 1645 790 novitatis

185 816 365 867 quaedam
386 816 536 867 species
552 817 811 855 commendet.
872 816 950 854 Sed
969 816 1055 854 haec
1075 821 1114 853 et
1134 815 1194 853 his
1222 814 1358 853 similia
1377 815 1543 866 quilibet
1562 815 1644 852 sine

186 878 263 915 ulla
286 877 468 916 doctrina
498 877 667 916 invenire
689 877 854 929 legendo
874 884 914 916 et
942 877 1162 916 existimare
1182 878 1351 928 poterit:
1387 891 1457 915 nos
1487 889 1646 927 agamus

185 939 239 984 id,
265 939 374 991 quod
406 940 605 989 proprium
626 947 685 977 est
706 940 974 984 Grammatici,
996 946 1038 977 ut
1063 938 1200 977 lectori
1230 938 1328 977 viam
1358 939 1572 989 aperiamus
1597 938 1647 976 ad

184 1014 375 1045 caussam,
393 1001 430 1038 in
449 1013 527 1052 qua
547 1001 688 1039 Oratio
707 1001 841 1039 habita
860 1008 931 1047 est,
949 999 1275 1050 cognoscendam.

237 1063 290 1110 Is,
305 1075 421 1113 quem
439 1062 585 1101 Noster
603 1063 640 1101 in
661 1076 705 1101 ea
725 1063 989 1101 adversarium
1009 1062 1142 1108 habet,
1161 1062 1348 1113 Leptines
1366 1063 1488 1113 legem
1506 1062 1648 1101 tulerat

185 1124 363 1171 Athenis,
386 1131 429 1164 ut
457 1137 553 1175 quas
573 1125 833 1164 immunitates
865 1124 1024 1163 honoris
1049 1137 1185 1163 caussa
1211 1123 1342 1165 adhuc
1373 1125 1472 1164 bene
1499 1125 1646 1163 meritis

184 1186 331 1225 civibus
351 1186 516 1224 concedi
537 1186 720 1225 usitatum
748 1193 865 1233 esset,
888 1200 944 1224 eae
966 1186 1110 1236 pariter
1129 1186 1326 1232 omnibus,
1350 1186 1418 1237 qui
1446 1200 1511 1225 eas
1531 1200 1645 1225 acce—

186 1249 348 1299 pissent,
382 1247 656 1295 adimerentur,
688 1256 728 1287 et
766 1250 882 1300 plane
915 1249 1145 1286 tollerentur
1178 1249 1216 1285 in
1253 1248 1444 1300 reliquum
1480 1257 1646 1300 tempus.

184 1312 270 1350 Jam
296 1323 417 1361 quum
443 1311 480 1348 iu
509 1310 572 1348 illa
595 1311 760 1362 Republ.
785 1311 929 1361 cuique
960 1310 1109 1356 liceret,
1132 1310 1290 1360 perlatae
1311 1324 1356 1349 ac
1377 1311 1536 1362 publice
1557 1310 1646 1349 fixae

185 1375 280 1426 legis
301 1375 461 1413 latorem
483 1387 590 1413 reum
611 1387 738 1425 agere,
761 1375 876 1412 modo
898 1381 938 1412 ut
958 1374 996 1412 id
1026 1374 1125 1412 intra
1154 1387 1242 1411 eum
1261 1374 1548 1420 annum-fieret,
1568 1388 1647 1426 quo

186 1437 336 1487 rogatio
367 1444 470 1475 esset
500 1437 769 1487 promulgata;
798 1436 998 1475 accusavit
1023 1437 1076 1474 ita
1097 1436 1202 1474 illum
1231 1437 1447 1488 Bathippus
1475 1437 1648 1488 quidam,

184 1498 512 1550 subscriptoribus
532 1498 718 1537 duobus.‘¹
773 1498 1082 1549 Subscriptionis
1109 1497 1213 1536 enim
1234 1511 1329 1543 mos,
1352 1512 1468 1550 quem
1491 1505 1647 1538 constat

186 1562 324 1600 Romae
345 1561 475 1612 fuisse,
495 1560 595 1599 idem
628 1561 666 1599 in
688 1561 824 1600 Attico
854 1560 938 1599 soro
968 1560 1104 1611 viguit.
1161 1559 1239 1598 Sed
1269 1560 1466 1612 Bathippo
1494 1567 1648 1600 mortuo

185 1630 288 1670 ante,
305 1637 421 1676 quam
444 1637 488 1662 ea
505 1636 640 1662 caussa
660 1623 697 1662 in
714 1622 911 1673 judicium
932 1622 1106 1661 deducta
1123 1628 1239 1668 esset,
1260 1635 1379 1673 quum
1403 1623 1556 1672 reliqui,
1576 1623 1650 1672 (in-

186 1692 347 1732 certum,
379 1691 516 1737 sponte
547 1699 594 1723 an
626 1685 790 1724 consilio
812 1685 1004 1736 Leptinis)
1031 1684 1082 1723 ab
1113 1684 1363 1723 accusatione
1391 1684 1648 1731 destitissent,

186 1747 252 1785 alii
270 1747 349 1785 duo
380 1753 517 1798 postea
545 1746 762 1798 aliquanto,
784 1755 889 1785 certe
908 1759 1010 1785 anno
1038 1746 1106 1784 illo
1134 1746 1284 1797 elapso,
1305 1746 1429 1785 exorti
1459 1753 1561 1793 sunt,
1581 1747 1649 1798 qui

187 1809 280 1859 legis
310 1815 492 1859 tanquam
514 1808 664 1846 vitiosae
691 1815 730 1847 et
760 1809 990 1860 perniciosae
1019 1807 1311 1859 abrogationem
1343 1816 1647 1848 commoverent.

187 1871 249 1908 llli
270 1869 350 1908 duo
372 1870 527 1909 suerunt
546 1870 766 1922 Apliepsio,
791 1869 892 1909 filius
917 1869 1118 1921 Bathippi,
1139 1876 1178 1908 et
1199 1870 1422 1921 Ctesippus,
1453 1871 1649 1918 Chabriae,

186 1932 279 1970 clari
306 1931 577 1983 imperatoris!
634 1933 682 1970 Et
712 1932 803 1971 buic
826 1933 987 1983 quidem
1020 1931 1058 1970 id
1084 1932 1279 1982 negotium
1307 1933 1510 1984 proprium
1531 1932 1652 1971 fuisse

187 2000 350 2044 propter
368 1993 649 2032 immunitatem
671 1994 771 2044 patri
787 1994 931 2040 datam,
952 1993 1045 2032 satis
1064 1993 1240 2032 declarat
1258 1995 1288 2033 is
1308 1995 1509 2033 Orationis
1525 1996 1650 2042 locus,

186 2055 254 2106 qui
276 2062 336 2094 est
351 2055 401 2093 de
420 2056 602 2093 laudibus
618 2055 799 2094 Chabriae
817 2061 841 2093 ι·
860 2055 910 2094 de
931 2055 1185 2107 Apliepsione
1205 2056 1299 2094 nihil
1316 2057 1407 2104 tale,
1429 2070 1556 2108 neque
1572 2057 1650 2107 hic,

187 2130 314 2167 neque
330 2117 436 2162 alibi,
458 2117 649 2168 proditur.
705 2118 782 2156 Sed
795 2117 956 2155 omuino
971 2117 1087 2168 liujus
1105 2116 1270 2156 hominis
1288 2131 1364 2156 non
1380 2118 1514 2169 magis,
1532 2131 1649 2169 quain

188 2178 387 2230 Bathippi,
424 2179 503 2217 ulla
531 2179 714 2217 memoria
746 2186 897 2224 exstat;
932 2180 1094 2218 alterum
1129 2184 1240 2218 tanto
1276 2180 1456 2218 novimus
1491 2180 1651 2219 melius.t

231 2307 347 2337 vCons.
365 2306 525 2337 Ciceronis
543 2307 631 2337 Brut.
652 2319 680 2338 c.
699 2309 796 2338 8301
813 2309 900 2338 Orat.
935 2319 1055 2344 σιππος,
1070 2307 1219 2362 ὄΧιιΒςίου
1247 2308 1336 2345 ταῖς,
1352 2309 1415 2338 καὶ
1447 2307 1543 2342 τινὲς
1570 2305 1651 2348 μιθ

187 2361 216 2380 c.
231 2353 262 2381 9.
306 2350 345 2380 At
357 2350 454 2380 octies
471 2350 709 2390 Thucydidem
702 2361 768 2391 ipsc
787 2352 900 2381 Demo·

188 2394 310 2423 sthenes
347 2393 564 2432 descripserat.
600 2393 626 2423 si
658 2405 729 2423 vera
766 2395 900 2424 narravit

190 2436 316 2466 Lucina.
351 2436 421 2466 adv.
454 2437 573 2466 induet.
597 2436 634 2467 T.
667 2436 730 2466 111.
762 2447 792 2476 p.
827 2440 899 2468 102.

187 2480 275 2509 Cons.
303 2480 444 2518 Agathim
477 2480 561 2509 llist.
589 2479 634 2509 11.
661 2490 691 2519 p.
715 2483 768 2510 4⁸.
793 2481 901 2511 Venet-

188 2522 341 2553 Nimirum
358 2523 387 2552 in
403 2522 521 2561 mugnis
538 2523 740 2562 scriptoribus
756 2523 838 2553 nliud
857 2524 900 2553 le-

187 2566 231 2605 git
247 2565 337 2596 humo
352 2565 537 2604 ingeniosus,
550 2565 670 2596 illorum
683 2566 804 2602 similis,
818 2566 901 2597 aliud

188 2619 279 2639 nerva
303 2609 385 2638 natio
400 2609 598 2639 imitaturum.
644 2609 678 2638 ld
695 2609 808 2640 docent
835 2620 902 2640 ram

188 2651 219 2682 in
237 2652 446 2682 Demosthene
467 2652 600 2691 vestigia
616 2651 795 2683 imitationis
818 2653 903 2683 ’Πιο-

189 2694 333 2734 cydidioe.

231 2743 248 2765 <t
265 2738 337 2768 Vid.
363 2739 448 2768 Orat.
473 2737 498 2777 §.
520 2740 570 2768 λά.
599 2744 630 2769 et
659 2739 786 2777 Argum.
809 2749 900 2777 gree.

189 2779 249 2809 Sed
288 2790 434 2820 nusquam
465 2781 585 2811 illorum
624 2781 752 2811 duorum
782 2782 903 2813 nomina

190 2822 344 2860 leguntur.

234 2866 338 2895 'Sene
353 2876 392 2895 ex
417 2867 623 2897 Demosthene
646 2867 684 2897 de
708 2867 755 2897 bis
782 2867 903 2897 duobus

191 2913 309 2937 tentum
324 2913 456 2938 constat.
500 2912 615 2941 Auctor
632 2916 730 2940 tamen
753 2910 904 2940 brevioris

193 2951 385 2988 argumenti,
408 2961 425 2980 a
455 2953 544 2982 nobie
569 2953 688 2988 omini,
703 2963 792 2992 quern
813 2954 900 2983 bilm-

192 2994 273 3023 nium
289 2994 400 3028 ferunt,
415 2994 457 3024 »io
475 2995 580 3025 scribit
594 3007 599 3024 ;
626 2994 814 3035 muntani
829 2997 902 3027 Κτή-

935 2352 1066 2387 αυτ-ὣν,
1089 2349 1126 2386 οἷς
1153 2351 1293 2392 συνίιγοςος
1325 2351 1505 2392 Δημοσθένης
1534 2349 1654 2389 γίνεται.

936 2396 977 2425 At
992 2394 1108 2425 homini
1123 2394 1213 2434 hujus
1237 2395 1360 2425 samium
1376 2406 1482 2436 parum
1507 2395 1575 2425 fidei
1598 2395 1650 2424 bn-

935 2438 1063 2467 buerim.

980 2486 991 2501 ⁰
1008 2481 1080 2510 Vid.
1098 2479 1120 2511 ὗ.
1141 2479 1186 2521 ιζ’.

979 2525 989 2544 ῑ
1004 2524 1164 2563 Praecipue
1187 2534 1226 2554 ex
1242 2523 1400 2554 Plutarch.
1420 2524 1513 2553 Phoc.
1531 2534 1562 2563 p.
1574 2524 1650 2554 744.

937 2566 974 2601 E.
1003 2572 1034 2597 et
1064 2577 1103 2597 ex
1133 2567 1281 2597 Athena-o
1307 2568 1363 2597 tv.
1394 2578 1426 2607 p.
1455 2569 1539 2602 165„
1565 2568 1652 2606 apud

936 2619 1026 2649 quern
1062 2610 1193 2649 Diphili,
1228 2610 1388 2645 'simaeum
1419 2615 1450 2640 et
1488 2609 1650 2640 Menandri

937 2663 1043 2684 versus
1057 2653 1097 2683 de
1107 2653 1258 2692 Ctesippo
1274 2653 1478 2692 proferuntur.
1525 2654 1550 2682 l’
1552 2658 1651 2683 ostre-

936 2695 978 2725 mi
1017 2703 1114 2736 poetm
1146 2697 1348 2735 fragmentum
1385 2701 1435 2725 cst
1465 2706 1504 2725 ex
1536 2696 1652 2731 sabula,

934 2737 1034 2779 'Ogyn,
1057 2749 1146 2778 quum
1163 2739 1295 2768 omnium
1324 2738 1452 2778 primaru
1477 2739 1582 2768 docuit
1607 2742 1649 2768 0-

938 2782 1034 2823 lymp.
1067 2786 1140 2816 1145
1172 2784 1202 2811 4.
1233 2787 1265 2810 ut
1290 2787 1337 2811 est
1368 2783 1450 2821 apud
1484 2782 1650 2811 Ense-lulli

936 2826 1050 2855 Cliron.
1081 2825 1170 2854 Cous.
1192 2824 1314 2854 Coruini
1341 2825 1499 2854 Fatorum
1524 2825 1588 2855 Au.
1613 2826 1650 2856 Τ.

940 2868 995 2897 lv.
1013 2878 1044 2906 p.
1068 2870 1121 2898 54.
1144 2877 1208 2906 seq.
1256 2867 1471 2903 Fragmentum
1493 2867 1594 2898 intulit
1619 2869 1649 2898 in

940 2910 1127 2939 Menendrea
1154 2920 1207 2939 soa
1231 2910 1371 2940 Clericus
1398 2921 1428 2950 p.
1454 2913 1526 2941 136.
1575 2913 1651 2941 Pcr-

937 2953 1108 2983 ditissimna
1125 2953 1235 2983 nebulo
1252 2953 1307 2983 suit
1320 2953 1379 2984 iste
1398 2953 1478 2983 filius
1494 2954 1606 2989 herois,
1621 2960 1652 2984 et

939 2996 1022 3026 omni
1054 2997 1158 3034 generi
1183 2996 1315 3026 luxurio
1343 3001 1374 3026 ct
1405 2996 1548 3036 nequitiae
1565 2998 1652 3028 dedi-
