1928 3284
252 202 359 274 432
664 227 1304 273 AHMozeENorz

247 352 347 411 ρεῖν.
414 339 659 436 Χρηματα
666 340 745 413 μὲν
771 366 861 436 γαρ
886 341 1006 395 ἔστιν
1031 340 1103 394 οἷει
1129 341 1245 437 παίει
1257 342 1360 414 υμῖν
1384 363 1535 397 αυτου·
1565 346 1699 398 nar-02

252 414 294 469 δὲ
320 440 394 469 τον
427 417 548 487 νόμον
579 440 751 481 τουτον,
786 416 859 469 εοὶν
884 439 953 475 τις
977 414 1048 469 ἐπ’
1072 416 1198 470 αὐτοὶ
1221 414 1396 489 ελθῃ,’
1368 443 1394 480 η
1429 418 1699 512 στερήσεται

249 488 432 554 τούτων,
466 516 491 553 η
524 500 794 586 λειτουργεῖν
830 489 1263 586 ἀναγκασθήσεται.
1318 490 1457 546 Ἔστι
1495 492 1536 547 δ’
1571 517 1617 546 ου
1643 517 1696 545 το

250 565 330 628 τῆς
361 563 560 628 δαπάνης
596 567 814 636 μέγιστον
844 565 1005 633 ἐκείνῳ,
1030 565 1143 619 ἄλλ’
1176 565 1246 619 ὅτι
1280 591 1358 630 την
1381 565 1540 644 &agean
1562 567 1697 620 αὖτόν

251 639 397 711 1υμᾶἷς
419 641 682 732 α’φῃξῆσθαι
705 663 856 711 νομιει.

318 713 496 767 ια.ου
524 712 681 778 τοίνυν,
707 739 740 766 ω
717 712 905 809 ’ζοὶνδξες
921 714 1176 776 Ἀθηναῖοιέ
1202 712 1266 785 μὴ
1285 715 1458 767 Λεύκων
1481 714 1694 786 οἷὸικηθῇ,

244 787 368 859 μόνον
406 786 473 839 δεῖ
501 811 703 852 σκοπειν,
731 814 763 857 ῳ
789 787 1052 859 φιλοτιμιας
1084 786 1211 841 ἕνεκα
1233 788 1258 850 ’ἧ
1292 813 1388 857 περι
1426 814 1504 851 της
1540 788 1697 858 Scope&

246 860 428 924 σπουδῇ
452 863 607 955 γε”νοιτ
640 863 713 927 οἳν,
749 863 795 916 οὗ
831 882 1006 955 xefiboec‘
1035 862 1171 915 οἷλλα
1195 886 1275 915 και
1310 887 1345 915 ει
1381 888 1449 923 τις
1473 862 1617 923 αλλος
1650 862 1698 916 εὐ

245 935 324 1025 μὲν
366 935 566 999 ἔποιησεν
601 961 722 1007 υμας
761 961 805 990 ευ
846 961 1077 1029 πραττων,
1117 960 1177 996 εις
1214 935 1299 990 δεόν
1339 936 1382 990 δε
1415 962 1482 990 νυν
1518 938 1696 1005 γε’γονεν

245 1011 371 1079 αυτῷ
397 1036 449 1063 το
474 1011 590 1100 παρ’
618 1012 736 1082 ὖμων
775 1014 936 1065 λαζεῖν
970 1010 1074 1064 τότε
1100 1010 1178 1074 τῆν
1202 1012 1432 1064 α’τελειαν.
1512 1013 1603 1072 Τίς
1627 1011 1696 1064 οῧν

245 1084 366 1146 ουτός
391 1085 537 1145 {cr-1113
575 1084 838 1179 Ἐπικερὸης
861 1087 883 1138 ὅ
919 1085 1250 1154 ΞΚυρηναιος,
1226 1111 1289 1149 ος,
1296 1084 1436 1172 εἴτι-ἔξ
1460 1111 1528 1147 τις
1551 1085 1694 1145 α’λλος

247 1183 331 1211 των
366 1158 620 1224 εἰληφότων,
655 1158 834 1220 ὃικαιως
865 1158 1033 1226 ἧξιωθη
1064 1158 1231 1222 ταύτης
1265 1185 1341 1222 της
1376 1162 1518 1231 τιμῆς·
1548 1185 1593 1213 ου
1628 1163 1694 1228 τῷ

244 1233 434 1304 μεγαλα
457 1235 487 1296 ἢ
510 1235 760 1305 θαυμασια
782 1234 925 1297 ἦλῖκα
948 1232 1107 1297 δουναι,
1135 1233 1268 1287 οἷλλα
1304 1236 1371 1302 τῷ
1395 1259 1524 1330 παρα
1551 1237 1693 1288 τοιοῦ-

244 1331 318 1360 τον
346 1332 511 1385 καιξον,
539 1307 578 1361 ἓν
612 1334 644 1377 ῳ
683 1333 763 1362 και
801 1333 886 1362 των
919 1333 961 1361 ευ
995 1306 1332 1362 πεπονθότων’
1321 1307 1441 1377 ἔργον
1478 1334 1527 1371 ην
1566 1332 1693 1384 ευρειν

500 1425 538 1445 ¹¹
527 1425 607 1465 υμᾶς
619 1423 703 1455 αὐτ-ὂν
714 1425 755 1455 R.

277 1516 318 1546 ιᾶ..
332 1515 427 1547 'Am
444 1516 493 1547 καὶ
515 1517 541 1547 εἴ
559 1529 604 1551 τις
627 1518 715 1554 ἄλλος
724 1518 781 1559 -]
793 1517 948 1548 Transitio

241 1560 280 1590 ad
295 1569 406 1589 novam
419 1564 536 1598 partem
553 1561 708 1592 Orationis
724 1561 869 1591 facillima
881 1566 945 1590 est:

240 1602 312 1633 Jam
322 1612 410 1641 porro
436 1601 520 1632 Vobis
544 1604 631 1634 etiam
646 1603 698 1634 hoc
713 1605 883 1639 videndum,
913 1613 949 1633 ne

240 1646 354 1684 injuria
365 1643 502 1685 afficiatis
516 1656 673 1686 quenquem
686 1648 792 1683 alium,
806 1648 829 1677 si
840 1647 904 1686 quis
917 1647 949 1676 in

244 1687 298 1719 Vos
317 1688 453 1728 beneficia
467 1689 604 1725 contulit,
619 1700 708 1729 quum
723 1690 839 1719 meliore
842 1689 948 1729 fortu-

241 1742 282 1762 na
297 1737 453 1768 uteretur-3
479 1731 527 1761 sed
552 1733 602 1761 cui
624 1743 704 1762 nunc
732 1733 842 1772 iniquis
863 1731 949 1761 rebus

241 1774 436 1816 corfiiotantz',
466 1774 505 1803 ad
534 1775 645 1804 victum
670 1776 827 1805 necessaria
854 1773 948 1816 facta

241 1817 412 1848 immunitas
435 1823 595 1856 opportune
621 1818 764 1853 subvenit,
802 1828 887 1858 quam
922 1819 948 1847 ei

241 1861 339 1901 priore
352 1865 477 1899 tempore
494 1861 675 1891 concessistis.
720 1861 782 1891 His
797 1861 828 1890 in
844 1861 948 1890 verbis

241 1909 277 1935 ut
304 1904 347 1933 νῦν
376 1903 459 1933 valet
486 1905 580 1937 κακῶς
607 1904 775 1943 πράττοντι,
805 1903 850 1932 sic
881 1902 948 1933 τότε

240 1945 415 1978 necessario
429 1947 466 1976 ad
482 1946 569 1985 prius
584 1951 705 1986 tempus
725 1950 857 1987 spectat,
871 1946 901 1975 h.
919 1957 947 1976 e.

239 1992 277 2022 ad
308 1987 337 2019 εὖ
361 1988 504 2029 πράττων.
548 1990 637 2020 Unde
660 1990 736 2020 libet
759 1990 872 2026 mirari,
894 1989 947 2019 ubi

239 2044 326 2064 mens
351 2032 444 2062 fuerit
466 2032 573 2062 critico
596 2031 742 2072 Anglico,
758 2043 850 2070 quum
879 2031 946 2062 τότε

241 2087 316 2108 vero
336 2076 407 2106 loco
430 2086 485 2106 suo
509 2080 637 2111 motum,
662 2081 730 2106 ante
757 2073 786 2105 εὖ
813 2075 948 2115 πράττων

242 2120 502 2159 transponendum
520 2122 668 2149 censeret.
694 2119 786 2158 Quod
803 2118 882 2148 sicut
895 2129 948 2148 ne-

240 2163 315 2193 mini
336 2165 451 2202 praeter
477 2166 634 2192 auctorem
661 2171 747 2191 suum
777 2161 945 2201 placuerit:

240 2205 284 2236 ita
299 2205 375 2235 illud
400 2205 523 2235 errandi
547 2214 669 2234 causam
698 2205 810 2234 babere
832 2208 948 2243 potest,

240 2250 323 2289 quod
347 2249 530 2288 Epioerdes,
555 2248 594 2277 de
620 2257 680 2286 quo
703 2248 816 2277 Orator
842 2247 946 2276 dicere

236 2292 419 2332 ingreditur,
431 2301 490 2321 non
504 2300 593 2320 secus
605 2300 642 2319 ac
654 2294 812 2329 superstes
825 2289 947 2320 vivens-

237 2346 296 2376 que
309 2338 571 2365 commemoratur.
614 2333 736 2363 Etenim
760 2337 898 2372 tempora
918 2333 946 2363 si

238 2383 364 2419 reputes
375 2388 416 2408 ex
427 2377 466 2408 iis
476 2378 580 2411 rebus,
596 2386 664 2415 quae
676 2376 705 2406 in
722 2386 808 2415 seqq.
824 2386 946 2405 narran-

238 2427 300 2458 tur,
316 2420 372 2452 vix
387 2431 423 2451 ac
438 2431 476 2450 ne
493 2420 545 2450 vix
568 2419 692 2459 quidem
715 2418 863 2449 credibile
887 2424 945 2455 est,

238 2466 332 2496 vitam
357 2464 489 2495 hominis
515 2462 554 2492 ad
584 2467 706 2502 tempus
730 2462 820 2501 hujus
844 2472 943 2492 causae

238 2513 352 2539 nostrae
366 2506 496 2548 produci
512 2505 661 2546 potuisse.
684 2505 752 2535 Jam
767 2515 840 2534 vero
850 2516 941 2543 quum

240 2556 382 2582 occurrat
410 2550 513 2589 paullo
541 2547 686 2579 disertior
715 2548 800 2577 locus
831 2547 857 2586 §.
882 2547 942 2583 aest,

237 2594 376 2635 nbifiliis
391 2594 560 2628 itlius‚v10n
574 2592 639 2630 ipsi,
654 2590 782 2620 sublatae
804 2590 942 2620 immuni—

238 2642 320 2667 tates
333 2637 478 2666 dicuntur
492 2636 632 2664 damnum
644 2632 762 2668 afferre,
780 2637 871 2671 atque
884 2633 942 2662 huc

238 2680 331 2711 simul
341 2678 468 2718 Ulpiani
481 2677 700 2717 qualiscunque
715 2676 878 2705 auctoritas
894 2686 943 2704 ac-

239 2723 342 2758 cedat,
368 2723 451 2752 haud
476 2720 603 2751 dubium
626 2718 725 2749 videri
748 2718 853 2753 debet,
869 2719 941 2757 quin

238 2765 408 2805 Epicerdes
418 2764 506 2805 prius
521 2764 604 2793 diem
627 2762 748 2798 obierit,
771 2772 858 2800 quam
878 2762 943 2791 haeo

239 2809 347 2840 Oratio
362 2809 535 2839 haberetur.
564 2807 606 2836 At
622 2805 855 2841 Demosthenes,
878 2804 943 2834 vel-

240 2856 275 2882 ut
290 2852 329 2881 de
351 2851 422 2881 vivo
437 2850 580 2890 loquens,
592 2850 621 2879 h.
637 2849 658 2878 l.
671 2847 748 2878 dicit
770 2848 807 2881 εἰς
829 2847 883 2877 δέον
902 2848 944 2877 νῦν

238 2894 344 2934 γέγονεν
358 2893 463 2932 αὐτῷ,
479 2899 511 2923 et
525 2893 555 2923 in
570 2890 696 2931 reliquis
711 2901 832 2930 quoque
850 2890 942 2921 simili

238 2938 330 2967 modo
364 2937 511 2967 lectorem
542 2936 714 2965 frustratur.
761 2935 882 2973 Nempe
911 2933 941 2962 in

237 2984 302 3010 tota
316 2980 462 3010 Oratione
484 2978 643 3009 confundit
663 2978 761 3016 ipsos,
784 2977 835 3017 qui
864 2987 942 3015 pi--ae

237 3023 306 3053 miis
332 3022 480 3061 impertiti
503 3026 581 3058 sunt,
598 3032 664 3051 cum
689 3021 794 3049 horum
823 3019 893 3049 tiliis
911 3025 940 3049 et

1207 1425 1220 1443 ‘²
1232 1424 1385 1465 ιεξκυραῖος
1396 1424 1436 1454 R.

982 1517 1125 1555 posteris.
1171 1517 1245 1546 Eam
1263 1526 1337 1546 vero
1362 1516 1509 1546 rationem
1528 1516 1615 1556 sequi
1635 1525 1691 1555 po-

982 1560 1040 1589 tuit
1055 1569 1113 1589 non
1128 1558 1243 1598 inepte,
1254 1560 1349 1598 quod,
1361 1560 1413 1598 qui
1428 1559 1602 1589 meritorum
1619 1569 1689 1589 suo-

981 1613 1048 1632 rum
1078 1601 1175 1641 gratia
1203 1607 1319 1636 carent,
1347 1602 1439 1632 etiam
1466 1607 1537 1641 post
1560 1606 1688 1632 mortem

982 1645 1100 1684 injuriae
1127 1645 1259 1683 quodam
1285 1655 1395 1684 genere
1422 1645 1499 1674 affici
1529 1645 1690 1683 videntur3

983 1688 1070 1726 sequi
1094 1692 1194 1716 autem
1227 1688 1346 1722 debuit,
1377 1698 1470 1726 quum
1497 1688 1689 1726 provideret,

982 1736 1093 1769 quanto
1114 1740 1150 1759 ea
1171 1729 1248 1759 ratio
1275 1731 1429 1769 potentior
1452 1730 1490 1759 ad
1517 1730 1688 1760 auditorum

981 1773 1098 1803 animos
1115 1774 1351 1803 commovendos
1361 1774 1461 1802 futura
1475 1778 1568 1803 esset.
1583 1774 1689 1803 IDEM.

1026 1814 1126 1846 Λαζεῖν
1153 1815 1221 1845 τότε
1253 1818 1301 1847 τὴν
1330 1815 1476 1856 ἀτέλειαν]
1493 1816 1689 1846 Subabsurda

983 1858 1106 1889 videtur
1119 1858 1184 1889 haec
1201 1859 1316 1899 positio
1334 1859 1420 1889 vocis
1436 1858 1514 1889 τότε.
1531 1860 1687 1898 transponi

982 1903 1075 1932 debet
1103 1902 1134 1931 in
1174 1902 1308 1940 priorem
1350 1907 1468 1941 partem
1508 1903 1685 1932 sententiae:

981 1944 1064 1975 τότε
1085 1941 1116 1974 εὖ
1131 1945 1277 1985 πράττων,
1294 1945 1332 1979 εἷς
1345 1945 1400 1976 δέον
1419 1945 1446 1975 δὲ
1462 1945 1513 1974 νῦν
1529 1944 1686 1983 γέγονεν-

981 1987 1077 2018 maestae
1089 1989 1138 2019 τῆν
1151 1987 1293 2018 ἀτέλειαν.
1337 1989 1499 2018 Confirmat
1515 1988 1666 2027 Ulpianus
1680 2000 1687 2017 :

981 2031 1122 2062 ὂπίιλαι
1145 2031 1290 2071 εὐημερῶν,
1310 2029 1387 2065 οὗτος
1414 2032 1466 2061 νῦν
1492 2030 1627 2072 ἐπίκουρον
1638 2033 1688 2062 τοῦ

982 2073 1029 2115 ζῇν
1043 2073 1104 2115 ἔχει
1120 2075 1168 2105 τῆν
1181 2073 1321 2104 ἀτέλειαν.
1345 2076 1562 2105 MARKLAND.

1022 2116 1176 2158 Κυρηναῖος]
1200 2117 1368 2156 Epicerdes
1380 2118 1439 2147 iste
1454 2117 1576 2147 videtur
1589 2117 1686 2146 fuisse

982 2170 1019 2189 ex
1036 2161 1166 2199 Cyrene.
1209 2162 1369 2200 Κερκυραῖος
1382 2160 1495 2190 habent
1515 2159 1590 2190 Ald.
1606 2160 1685 2189 Ven.

981 2207 1011 2232 et
1029 2203 1112 2233 Edit.
1128 2203 1242 2232 Morel.
1266 2204 1408 2243 Κυρηναῖος
1429 2213 1496 2232 cum
1519 2202 1683 2233 scholiasta

981 2245 1149 2275 defendunt
1175 2246 1295 2285 Obsop.
1330 2246 1420 2276 Bodl.
1450 2245 1551 2275 Godd.
1581 2245 1684 2285 Regg.

980 2299 1009 2318 ει.
1033 2287 1059 2329 ζ.
1089 2289 1241 2319 Lindenb.
1264 2292 1294 2318 et
1317 2289 1413 2320 Editt.
1450 2293 1579 2318 caeterae.
1614 2287 1684 2327 Epi-

980 2332 1065 2361 cerde
1082 2331 1220 2372 Covfiotto
1242 2332 1354 2362 Vei-sio
1380 2332 1488 2362 Italica
1504 2342 1573 2361 cum
1589 2330 1683 2361 Aldo.

978 2375 1139 2405 Timon.

1022 2416 1179 2457 Ἐπικέρδης
1207 2417 1219 2446 ὃ
1250 2417 1405 2458 Κυρηναῖος]
1446 2415 1590 2447 Hominis
1625 2427 1681 2446 nec

976 2459 1186 2500 Thucydides,
1208 2469 1265 2489 nec
1284 2460 1366 2490 alius
1387 2461 1467 2490 ullus
1489 2470 1604 2496 eorum,
1631 2460 1683 2498 qui

975 2504 1035 2533 ista
1049 2508 1190 2543 tempora
1213 2502 1411 2542 scripserunt,
1430 2503 1612 2533 mentionem
1628 2503 1680 2533 ha-

976 2548 1038 2576 bet.
1065 2547 1173 2585 Itaque
1189 2546 1284 2585 quaeri
1301 2550 1415 2585 potest,
1428 2555 1465 2575 an
1480 2546 1592 2575 melius
1608 2546 1682 2576 scri·

977 2590 1066 2619 batur
1091 2590 1103 2619 ὃ
1129 2589 1288 2630 Κερκυραῖος
1310 2599 1377 2618 cnm
1393 2589 1471 2618 Ven.
1490 2589 1560 2618 Ald.
1579 2590 1678 2619 Herv.

978 2638 1009 2661 et
1025 2633 1113 2667 Ben„
1137 2643 1175 2663 ox
1202 2642 1261 2671 qua
1284 2631 1409 2661 retinuit
1433 2631 1541 2661 Reisk.
1587 2632 1678 2668 Quod

977 2676 1089 2704 sactum
1105 2680 1138 2704 ut
1167 2676 1287 2715 probet,
1309 2674 1339 2703 in
1362 2674 1453 2703 Notis
1479 2674 1597 2710 scribit,
1612 2674 1680 2716 fre-

977 2719 1154 2757 quentiorem
1169 2728 1253 2747 usum
1269 2717 1490 2746 Atheniensibus
1501 2716 1598 2757 fuisse
1611 2729 1677 2748 cnm

980 2760 1147 2800 Corcyraeis,
1171 2771 1254 2800 quam
1268 2770 1334 2789 cum
1351 2759 1505 2798 Cyrenai&
1516 2765 1616 2798 utpote
1628 2762 1678 2801 qni

978 2802 1130 2841 Spartane?
1145 2802 1277 2843 fuissent
1292 2803 1425 2842 originis.
1470 2803 1511 2832 At
1526 2803 1581 2832 tali
1607 2803 1678 2834 rati-

977 2845 1087 2875 uncula
1111 2846 1180 2883 quis
1209 2850 1317 2874 cautus
1344 2849 1375 2874 et
1397 2845 1531 2883 prudens
1556 2855 1678 2876 movea—

979 2888 1074 2917 turin
1094 2889 1188 2917 rebus
1201 2887 1314 2918 factis?
1338 2887 1512 2926 vulgatum,
1530 2899 1546 2917 a
1566 2899 1614 2918 me
1630 2899 1676 2918 re-

978 2935 1120 2966 sumtum,
1130 2931 1295 2960 defendunt
1306 2931 1397 2960 codd.
1412 2930 1531 2969 optimi,
1548 2935 1579 2959 et
1592 2932 1679 2962 editt.

975 2974 1132 3015 plerasque
1158 2984 1227 3003 cum
1250 2972 1321 3002 Aris
1324 2973 1388 3002 tide
1412 2974 1478 3003 Art.
1502 2984 1533 3013 p.
1557 2975 1630 3003 45¹2.
1648 2981 1679 3004 et

975 3017 1154 3051 Scholiaste
1168 3017 1214 3045 cni
1238 3016 1313 3045 hanc
1345 3025 1431 3045 unam
1455 3017 1615 3046 lectionem
1640 3018 1677 3046 ob
