1928 3284
254 216 364 265 380

251 331 347 370 nihil
376 331 545 382 iniquius
579 331 665 379 fuit,
696 332 790 371 nihil
821 334 977 384 publice
997 335 1294 374 incommodius.
1351 334 1522 372 Primum
1553 346 1702 384 pauper

244 393 335 444 jure
357 393 466 444 queri
485 398 650 444 poterat,
670 407 751 433 sese
772 394 976 433 ditissimis
996 396 1207 446 exaequari,
1224 396 1331 434 velut
1357 395 1397 441 ii,
1425 395 1567 445 quibus
1587 395 1704 434 hodie

253 467 276 492 a
297 454 538 505 principibus
557 455 741 492 tributum
761 455 798 492 in
815 456 946 505 capita
966 457 1170 506 aequaliter
1187 457 1409 508 imperatur.
1447 456 1547 493 Tum
1567 457 1706 494 divites

254 515 367 552 simul
388 515 482 553 illud
499 515 727 560 detrectare,
749 515 853 565 quod
874 528 945 565 pro
966 516 1102 554 habitu
1122 530 1239 568 opum
1260 518 1445 555 sustinere
1465 516 1706 564 debuissent,

255 588 442 626 saepeque
467 576 565 614 adeo
595 577 694 614 hanc
724 576 910 614 tantulam
931 583 1080 627 partem
1107 577 1333 629 impendere
1364 578 1525 629 gravari,
1546 584 1586 616 et
1609 591 1707 616 onus

254 637 368 675 variis
387 638 535 676 artibus
553 638 709 675 omnino
729 650 751 674 a
769 651 809 675 se
829 638 867 674 iu
895 639 1087 677 tenuiores
1108 639 1349 678 transferre.³
1404 640 1465 677 Ita
1485 652 1561 684 res,
1582 638 1709 677 diviti-

254 698 327 736 bus
361 699 574 743 utilissima,
599 698 745 736 inutilis
777 698 932 737 Civitati
963 701 1111 738 exstitit
1142 706 1181 738 et
1213 700 1441 750 perniciosa.
1497 700 1649 738 Etenim
1678 699 1707 738 si

254 759 362 809 quod
384 759 514 798 subito
542 759 687 797 bellum
719 759 931 797 ineundum
959 767 1025 798 aut
1054 760 1266 810 periculum
1287 760 1593 811 propulsandum
1612 766 1707 804 erat,

252 821 314 858 vel
333 834 491 871 prorsus
512 820 761 866 deficiebant,
788 822 855 871 qui
887 835 1003 859 naves
1034 822 1279 868 instruerent,
1299 822 1359 859 vel
1386 821 1521 860 classis
1548 822 1645 858 male
1663 834 1709 859 ac

252 889 346 933 post
375 888 527 934 tempus
558 891 782 934 comparatu
813 883 971 927 exibat3
1007 885 1109 922 unde
1130 883 1290 930 factum,
1312 890 1353 922 ut
1383 883 1574 934 Respubl.
1594 896 1709 921 occa-

254 943 382 982 siones
409 945 664 995 gerendarum
685 957 810 982 rerum
831 945 1130 995 praetermittere
1145 945 1320 989 deberet,
1342 951 1381 983 et
1400 945 1630 982 detrimenta
1651 957 1712 982 ac-

254 1004 414 1056 ciperet.
471 1006 584 1044 Adeo
617 1005 792 1043 laborare
830 1008 1002 1056 pessimo
1033 1007 1194 1057 publico
1232 1020 1310 1045 rem
1346 1006 1534 1055 navalem,
1565 1007 1709 1043 Demo-

255 1067 413 1105 sthenes
433 1080 511 1105 non
531 1067 698 1117 amplius
717 1067 922 1104 ferendum
942 1074 1061 1114 ratus,
1076 1080 1213 1105 novam
1234 1066 1537 1117 descriptionem
1553 1066 1710 1116 excogi-

253 1129 361 1174 tavit,
395 1141 466 1179 per
493 1142 609 1178 quam
644 1128 882 1166 contributio
911 1128 1141 1166 sedenorum
1171 1128 1338 1172 sublata,
1368 1127 1541 1177 itemque
1570 1140 1711 1165 nomen

254 1192 456 1236 συντελῶν,
476 1202 555 1240 quo
585 1203 625 1227 se
646 1189 849 1227 trierarchi
876 1189 1004 1227 adhuc
1025 1189 1236 1234 vocabant,
1256 1189 1434 1237 usurpari
1452 1187 1619 1225 desitum
1639 1194 1712 1226 est.

253 1250 418 1289 Factum
450 1250 489 1289 id
515 1258 572 1289 est
594 1252 691 1301 lege,
715 1264 846 1301 quam,
866 1251 959 1288 licet
978 1250 1119 1288 acriter
1138 1248 1285 1288 obnisis
1305 1248 1488 1287 divitibus
1508 1254 1547 1286 et
1565 1248 1711 1299 princi-

253 1311 370 1362 pibus
397 1312 703 1364 symmoriarum,
736 1312 897 1362 pertulit
923 1318 1051 1350 tamen
1080 1311 1145 1349 ille
1174 1311 1347 1361 Olymp„
1368 1315 1412 1348 ut
1431 1309 1599 1356 videtur,
1617 1314 1710 1356 109,

254 1377 310 1412 35
365 1374 422 1412 Ea
447 1388 494 1412 ex
524 1375 623 1424 lege,
645 1374 712 1423 qui
737 1373 876 1412 divites
896 1373 1024 1412 adhuc
1052 1372 1230 1423 exiguum
1260 1371 1423 1410 decimae
1451 1377 1571 1410 sextae
1590 1372 1712 1422 partis

256 1441 437 1482 sumtum,
458 1440 525 1473 aut
544 1449 591 1473 ne
611 1436 714 1473 hunc
734 1435 905 1485 quidem,
927 1435 1199 1480 toleraverant,
1220 1447 1299 1471 non
1321 1446 1408 1471 raro
1426 1433 1567 1483 singuli
1587 1433 1714 1471 coacti

255 1504 346 1536 sunt
364 1512 479 1538 unam
499 1513 635 1538 navem
658 1500 743 1544 soli,
766 1500 826 1537 vel
845 1499 959 1537 etiam
978 1500 1064 1549 plus
1090 1512 1165 1536 una
1183 1499 1398 1536 instruere.z
1454 1497 1635 1547 Namque
1661 1497 1711 1535 ad

256 1572 415 1598 censum
449 1574 551 1599 nunc
581 1561 770 1611 perducta
800 1574 874 1607 res,
897 1561 1019 1598 aetatis
1048 1561 1154 1597 nulla
1186 1561 1284 1597 ratio
1314 1558 1458 1597 habita.
1514 1558 1713 1597 Videlicet

257 1620 400 1672 opibus
421 1622 561 1660 civium
581 1628 766 1672 tanquam
787 1623 825 1659 in
853 1635 969 1659 unum
991 1622 1156 1668 collatis,
1177 1621 1311 1659 decem
1329 1620 1473 1669 cuique
1489 1618 1634 1657 triremi
1656 1625 1713 1657 ta-

253 1682 361 1721 lenta
386 1683 693 1732 assignabantur,
720 1684 789 1733 ita,
810 1690 852 1720 ut
873 1684 939 1733 qui
959 1684 1092 1721 decem
1123 1681 1278 1720 talentis
1308 1694 1448 1719 census
1478 1686 1594 1726 esset,
1621 1694 1709 1718 eum

253 1744 379 1782 solum
400 1750 598 1794 oporteret
610 1744 802 1783 triremem
817 1758 920 1782 suam
942 1757 1151 1795 apparare3
1175 1744 1241 1793 qui
1257 1743 1392 1793 viginti
1408 1742 1576 1788 talentis,
1593 1741 1710 1781 duas:

255 1805 398 1855 quibus
429 1819 518 1843 vero
547 1806 673 1855 major
701 1812 784 1844 erat
813 1819 964 1852 census,
986 1819 1119 1843 eorum
1148 1804 1304 1849 nemini,
1336 1802 1582 1853 quantumvis
1617 1816 1717 1853 opu-

253 1866 375 1913 lento,
397 1867 484 1918 plus
503 1881 618 1918 quam
640 1873 716 1906 tres
735 1868 911 1905 triremes
933 1872 971 1905 et
991 1881 1066 1905 una
1087 1867 1233 1917 scapha
1252 1865 1520 1916 imperaretur.
1566 1864 1714 1902 Contra

255 1928 423 1974 illorum,
460 1942 627 1979 quorum
661 1929 782 1967 minor
814 1942 953 1967 census
983 1934 1066 1966 erat
1098 1928 1235 1966 decem
1269 1925 1438 1972 talentis,
1471 1924 1589 1963 modo
1617 1925 1712 1971 bini,

255 1989 375 2027 modo
400 1990 513 2036 terni,
535 1990 652 2028 modo
677 1991 805 2040 plures
824 1989 862 2027 in
883 2003 1002 2027 unum
1022 2002 1166 2040 corpus
1181 1988 1460 2039 jungebantur,
1477 1999 1602 2036 usque
1622 1986 1715 2024 dum

259 2052 394 2090 decem
421 2051 609 2090 talentum
640 2064 788 2090 summa
817 2050 1004 2089 confieret
1034 2064 1079 2088 ex
1106 2049 1284 2100 pecunia,
1318 2062 1435 2099 quam
1457 2047 1625 2097 quisque
1646 2060 1716 2097 pro

253 2119 341 2156 rata
365 2113 544 2163 portione
565 2119 799 2151 numeraret.
839 2113 892 2150 At
906 2125 995 2150 vero
1017 2124 1132 2161 quam
1153 2111 1263 2148 multi
1279 2124 1325 2148 ex
1342 2110 1415 2148 hac
1436 2110 1520 2159 lege
1533 2108 1582 2146 ad
1601 2108 1715 2146 trier-

259 2175 430 2213 archiam
461 2175 590 2212 vocari
620 2176 855 2224 potuerunt?
901 2174 1027 2211 Tacet
1061 2172 1356 2217 Demosthenes,
1392 2176 1436 2208 ut
1469 2175 1528 2207 est
1557 2169 1714 2208 omnino

258 2236 392 2286 paullo
421 2235 586 2280 brevior,
611 2235 677 2272 ubi
705 2235 753 2273 de
783 2236 857 2272 hoc
878 2235 1015 2272 merito
1037 2247 1106 2271 suo
1127 2232 1316 2282 loquitur,
1335 2232 1374 2268 in
1406 2231 1451 2267 iis
1485 2230 1713 2280 praesertim,

260 2309 347 2347 quae
378 2296 428 2334 ad
455 2295 728 2334 declarandum
758 2309 898 2334 novum
925 2295 1101 2333 ordinem
1131 2293 1338 2343 pertinent.
1396 2291 1471 2329 Sed
1493 2291 1716 2342 Hyperides

681 226 840 269 FRID.
872 227 1012 270 AUG.
1044 227 1263 269 WOLFII

1008 2385 1057 2413 14.
1089 2382 1219 2412 eundem
1245 2380 1350 2410 habuit
1389 2390 1424 2409 ac
1452 2378 1635 2414 Philoclem,
1665 2376 1718 2416 qui

1006 2425 1216 2465 magistratum
1246 2423 1343 2463 gessit
1365 2423 1489 2460 Olymp.
1510 2423 1583 2456 114,
1608 2423 1639 2451 3.
1656 2430 1718 2458 quo

1007 2479 1082 2498 anno
1103 2472 1242 2497 mortuus
1259 2472 1308 2496 est
1331 2467 1452 2495 Orator.
1498 2463 1596 2493 Istius
1623 2463 1718 2492 ratio-

1006 2522 1075 2541 nem
1096 2511 1239 2540 refellens
1261 2508 1380 2538 Petitus
1404 2518 1434 2546 p.
1449 2509 1521 2538 362.
1553 2505 1712 2543 Polyclem

1007 2554 1287 2593 pseudeponymum
1304 2551 1489 2581 Archontem
1500 2547 1574 2578 facit
1589 2548 1716 2586 Olymp.

1009 2600 1081 2632 110,
1108 2600 1138 2625 2.
1162 2595 1329 2625 rationibus
1349 2603 1408 2622 non
1439 2592 1529 2631 plane
1560 2590 1714 2619 futilibus.

261 2387 366 2413 essent
384 2383 489 2421 Intpp.
533 2382 640 2421 Neque
658 2382 695 2412 iis
711 2383 875 2413 difficultas
891 2382 972 2413 tolli-

261 2429 324 2460 tur,
340 2434 409 2464 quae
424 2425 515 2454 habet
531 2429 637 2454 auctor
665 2425 800 2455 Miscell.
828 2427 971 2456 Defenss.

263 2469 300 2498 ad
317 2468 384 2498 Jus.
401 2468 467 2497 Att.
493 2473 525 2497 et
541 2468 632 2497 Rom.
659 2479 689 2507 p.
716 2471 786 2499 135.
803 2480 868 2507 seq.
916 2469 972 2498 Ni-

260 2510 306 2540 hil
330 2515 428 2540 tamen
457 2510 512 2540 illa
539 2521 589 2540 res
622 2511 659 2540 ad
689 2520 742 2540 nos
779 2517 810 2540 et
837 2515 971 2540 nostrum

262 2552 448 2583 institutum.
507 2553 609 2592 Magis
634 2553 752 2590 attinet,
773 2554 850 2593 legis
876 2554 972 2590 illius,

263 2607 282 2626 a
306 2596 514 2626 Demosthene
543 2598 708 2636 abrogatze,
739 2602 859 2635 tempus
883 2596 985 2626 scires

262 2639 326 2669 Sed
363 2649 400 2668 ne
431 2640 489 2669 hoc
527 2640 662 2678 quidem,
694 2639 752 2669 nisi
789 2638 972 2679 conjecturis

262 2681 402 2718 incertis,
441 2683 561 2721 assequi
593 2682 676 2712 licet.
736 2682 807 2712 Vid.
837 2681 971 2711 Petitum

289 2746 296 2755 .
319 2726 393 2754 360.

262 2736 285 2766 p
307 2772 323 2787 x
337 2767 410 2796 vid.
426 2767 513 2796 Orat.
530 2768 569 2796 de
588 2768 658 2797 Cor.
682 2767 707 2806 ᾗ.
725 2766 762 2797 λ’.
781 2778 867 2807 seqq.
891 2771 922 2797 et
942 2767 972 2796 in

263 2809 393 2839 Midiam
404 2816 427 2847 ᾗ.
440 2812 492 2840 43.

307 2857 321 2879 Υ
339 2852 525 2882 Dubitanter
551 2852 672 2882 locutus
691 2863 770 2882 sum.
816 2853 893 2882 Nam
920 2852 972 2892 qui

264 2895 385 2924 Archon
419 2905 438 2924 a
471 2895 677 2925 Demosthene
709 2896 734 2935 ᾗ.
765 2895 801 2925 λ’.
834 2895 973 2934 ponitur,

264 2937 420 2975 PolycleS,
435 2938 537 2968 nullus
552 2942 679 2976 apparet
697 2938 727 2967 in
754 2937 854 2968 fastis.
900 2939 974 2968 Pes-

266 2979 342 3010 sime
368 2979 454 3010 illum
486 2980 642 3011 Mem-sius
676 2981 714 3011 de
748 2981 968 3012 Archont.1V.

1007 2639 1168 2669 Corsinum
1181 2642 1279 2667 tamen
1296 2637 1399 2675 potius
1414 2644 1537 2672 sequor,
1554 2632 1607 2672 qui
1620 2643 1714 2672 pseu-

1007 2684 1212 2721 deponymum
1247 2680 1340 2710 Arch.
1376 2677 1462 2717 pouit
1490 2676 1615 2714 Olymp.
1641 2677 1717 2711 109,

1007 2727 1038 2755 3.
1065 2734 1152 2759 anno,
1171 2734 1230 2762 qno
1252 2732 1342 2752 verus
1369 2720 1490 2750 Archon
1508 2718 1565 2748 suit
1592 2717 1716 2758 Sosige-

1007 2778 1073 2796 nes.
1118 2767 1190 2795 Vid.
1205 2764 1327 2795 Corsini
1344 2764 1378 2793 F.
1397 2765 1433 2792 A.
1450 2763 1485 2791 T.
1503 2761 1528 2790 Ι.
1542 2771 1573 2800 p.
1589 2762 1665 2791 351.
1678 2761 1716 2791 T.

1009 2811 1066 2839 lv.
1080 2820 1110 2847 p.
1127 2811 1180 2839 30.

1052 2858 1064 2872 Ζ
1080 2853 1151 2880 Huc
1169 2849 1322 2889 pertinent
1339 2848 1432 2878 verba
1444 2846 1558 2876 Scholii
1575 2846 1613 2875 ad
1629 2845 1717 2874 Orat.

1008 2894 1039 2924 in
1062 2895 1204 2929 Midiam,
1230 2903 1322 2931 supra
1349 2890 1482 2929 prolati:
1518 2888 1552 2919 ‘0
1580 2888 1643 2926 γοῦν
1662 2894 1720 2917 Δη-

1007 2936 1143 2976 μοσθένης
1167 2935 1276 2975 ὕστερον
1292 2934 1359 2964 δυοῖν
1381 2933 1490 2973 τριήςων
1520 2931 1565 2962 ἕνα
1592 2930 1718 2970 'tetheaq-

1009 2991 1060 3020 χον
1075 2978 1204 3010 ἐποίησε.
