1928 3284
216 215 319 262 188
764 227 1102 268 CONTARENI

207 332 243 365 in
261 343 304 366 ea
322 334 500 376 legatione
525 338 669 379 gestum
686 342 793 380 esset,
807 337 1072 372 renuntiarunt.
1093 338 1283 372 Demosth.
1299 338 1385 373 ibid.
1412 340 1434 380 ἡ
1451 341 1484 373 δὲ
1499 341 1668 384 ἐκκλησία,

207 389 244 421 ἐν
259 388 281 431 ᾗ
298 389 414 423 πάντα
432 392 475 423 τὰ
499 391 683 437 πράγματα
710 394 896 427 α’πώλεσαν
913 391 1004 426 οὗτοι
1019 393 1222 437 ψευσάμενοι
1238 396 1292 427 καὶ
1308 396 1548 437 φενακίσαντες
1570 397 1667 440 ὑμᾶς,

207 445 251 486 τῇ
272 443 349 488 ἕκτῃ
373 445 429 477 ἐπὶ
454 445 529 479 δέκα
554 451 612 480 τοῦ
638 453 890 492 σκιροφοριῶνος
914 450 1076 492 ἐγίγνετο.
1134 447 1206 481 ΙΙΙ.
1236 451 1273 481 et
1298 449 1394 483 XX.
1423 449 1480 482 die
1505 449 1668 492 ejusdem

187 506 190 507 ’
208 500 342 532 mensis
370 499 574 535 Phocenses
595 502 673 545 jam
699 502 840 535 fuerant
858 514 879 536 a
895 502 1062 547 Philippo
1087 502 1239 537 subacti.
1267 503 1362 537 VII.
1380 506 1503 537 autem
1519 507 1556 537 et
1572 504 1668 539 XX.

204 552 243 584 id
271 558 336 594 est,
359 555 487 598 quinto
512 559 595 599 post
621 557 679 590 die
705 557 856 595 nuntius
886 557 931 589 (le
957 567 1000 589 ea
1021 567 1058 589 re
1084 555 1183 589 venit
1206 557 1382 599 Athenas,
1406 568 1469 591 seu
1496 558 1531 590 in
1557 557 1672 591 Pirae-

206 617 301 641 eum.
322 608 508 642 Demostll.
534 610 667 643 ibidem
695 608 737 656 [ξ.
753 608 812 656 κ’.]
837 615 879 655 τῇ
904 611 1035 656 τετράδι
1048 611 1227 654 φθίνοντος
1243 613 1470 653 ἐκκλησιάζετε
1495 615 1556 656 μὲν
1576 614 1671 656 ὑμεῖς

207 664 278 695 τότε
305 665 341 696 ἐν
367 667 524 707 Πειραιεῖ,
552 662 610 705 ἧκε
635 665 666 697 δὲ
696 665 882 710 Δέρκυλλος
905 667 939 698 ἐκ
968 666 1145 705 Χαλκίδος,
1173 668 1230 698 καὶ
1251 666 1467 711 α’πὴγγειλεν
1494 669 1588 711 ὑμῖν,
1612 669 1666 701 ὅτι

209 717 324 750 πάντα
349 720 391 750 τὰ
412 719 597 762 πράγματα
618 720 822 764 ἐγκεχείρηκε
847 721 1008 762 Θηβαίοις
1032 722 1050 753 ὁ
1075 722 1258 762 Φίλιππος,
1280 723 1336 754 καὶ
1359 722 1522 765 πέμπτην
1538 722 1667 767 ἡμέραν

204 769 292 805 εἶναι
308 774 438 814 ταύτην
454 773 632 817 ἐλογίζετο,
649 775 703 818 ἀφ’
719 772 759 808 οὗ
775 777 1004 820 γεγόνασιναὶ
1019 776 1175 809 σπονδαί.
1202 777 1318 819 Supra
1332 779 1452 810 autem
1466 777 1669 821 scripserat,

209 827 336 860 eadem
352 827 410 860 die
427 830 469 860 τὰ
487 829 671 873 πράγματα
687 829 914 864 ἀπολωλέναι.
961 829 1021 863 De
1037 830 1197 863 tumultu
1221 832 1343 864 autem
1360 841 1402 864 ae
1418 831 1669 875 trepidatione,

206 891 289 924 quae
301 880 369 915 fuit
383 881 537 915 Athenis
553 882 607 916 his
623 883 732 917 rebus
746 883 888 926 auditis,
903 884 1020 928 deque
1035 887 1212 928 tempore,
1225 895 1298 929 quo
1309 887 1435 929 sponte
1447 895 1512 918 sua
1527 885 1671 928 legatus

203 934 274 968 suit
296 936 343 969 ad
360 935 567 980 Philippum
585 938 791 981 AEscffines,
807 939 845 972 in
865 940 996 972 eadem
1021 941 1181 973 oratione
1202 938 1282 973 haee
1299 939 1468 983 leguntur
1483 949 1569 984 pag.
1589 941 1669 974 158.

205 986 248 1034 [ξ.
267 989 351 1036 λθ’.]
377 990 490 1032 ἐπειδὴ
515 993 547 1025 δὲ
572 993 798 1028 ἀπολώλεσαν
823 995 852 1027 οἱ
876 998 998 1034 Φωκεῖς
1020 995 1160 1039 ὕστερον
1183 995 1321 1038 ἡμέραις
1345 994 1447 1028 πέντε
1470 996 1492 1035 ἢ
1507 996 1555 1035 ἓξ,
1572 996 1628 1028 καὶ
1651 995 1672 1027 ὁ

205 1044 391 1088 Δέρκυλλος
408 1047 441 1079 ἐκ
467 1049 530 1087 τῆς
546 1048 714 1088 Χαλκίδος
736 1046 816 1089 ἧκεν
841 1049 1069 1093 ἀναστρέψας,
1086 1051 1141 1083 καὶ
1164 1050 1374 1093 ἀπήγγειλεν
1398 1050 1480 1093 ὑμῖν
1497 1049 1672 1090 ἐκκλησιά-

205 1099 322 1136 ζουσιν
337 1101 374 1133 ἐν
391 1104 548 1145 Πειραιεῖ,
564 1102 617 1135 ὅτι
637 1106 759 1142 Φωκεῖς
781 1105 993 1146 ἀπολώλασι,
1010 1105 1065 1137 καὶ
1084 1105 1187 1148 ὑμεῖς,
1203 1100 1229 1137 ὧ
1253 1104 1371 1148 ἄνδρες
1385 1103 1580 1144 Ἀθηναῖοιέ
1605 1105 1672 1141 ἔξεο

205 1153 400 1198 πέπληχθε,
417 1157 472 1188 καὶ
485 1157 610 1196 παῖδας
623 1159 678 1190 καὶ
694 1161 860 1202 γυναῖκας
879 1160 912 1191 ἐκ
929 1163 997 1192 τῶν
1014 1159 1130 1203 ἀγρῶν
1146 1159 1377 1202 κατακομίζειν
1393 1159 1598 1202 ἐψηφίζεσθε,
1614 1160 1669 1191 καὶ

205 1210 249 1241 τὰ
271 1210 408 1253 φρούρια
423 1211 662 1255 ἐπισκευάζειν,
688 1215 743 1244 καὶ
760 1215 822 1245 τὸν
846 1216 985 1257 Πειραιᾶ
1011 1215 1176 1256 τειχίζειν,
1193 1214 1248 1246 καὶ
1269 1214 1312 1245 τὰ
1325 1212 1507 1256 Ἡράκλεια
1524 1214 1560 1246 ὲν
1577 1215 1672 1246 ἄστει

203 1263 312 1303 «θύειν,
329 1264 441 1305 ἐπειδὴ
467 1265 561 1298 ταῦτ’
577 1263 634 1307 ἧν,
654 1268 708 1298 καὶ
725 1267 873 1307 τοσαύτη
897 1269 1031 1311 ταραχὴ
1049 1269 1104 1300 καὶ
1119 1269 1277 1306 τοσοῦτος
1292 1267 1439 1311 θόρυβος
1455 1268 1672 1311 περιειστὴκει

203 1319 269 1357 τὴν
287 1319 401 1362 πόλιν,
419 1322 603 1359 τηνικαῦτα
620 1320 637 1353 ὁ
661 1320 768 1359 δεινὸς
787 1323 842 1353 καὶ
867 1323 966 1364 σοφὸς
989 1318 1088 1359 οὗτος
1114 1323 1168 1354 καὶ
1185 1322 1339 1364 εὔφωνος,
1361 1321 1434 1354 οὗτε
1450 1322 1581 1363 βουλῆς
1597 1321 1671 1354 οὔτε

210 1371 317 1415 δῆμον
335 1375 638 1417 χειροτονήσαντος
663 1376 781 1415 αὐτὸν,
796 1375 904 1418 ᾤχετο
922 1376 1118 1419 πρεσβεύων
1141 1377 1225 1419 πρὸς
1241 1377 1302 1409 τὸν
1326 1378 1434 1408 ταῦτα
1450 1375 1669 1415 πεποιηκότα.

205 1424 277 1458 Η15
290 1425 397 1468 jactis
413 1429 456 1461 ut
469 1428 726 1470 fundamentis,
740 1439 840 1462 nune
857 1440 934 1462 rem
947 1429 1063 1472 ipsam
1081 1429 1286 1473 expendere
1299 1428 1525 1472 incipiamus.
1564 1427 1603 1462 Si
1618 1429 1670 1462 le-

204 1480 280 1523 gaii
296 1483 380 1523 post
396 1481 490 1515 diem
508 1483 654 1516 tertium
671 1483 944 1527 Munyeliionis*‚
962 1486 1005 1516 ut
1020 1483 1149 1527 probat
1165 1482 1356 1518 AEschines
1373 1481 1417 1529 [ξ.
1434 1480 1518 1529 1132]
1532 1483 1570 1516 111
1585 1483 1670 1516 Ma-

204 1535 392 1568 cedoniam
417 1535 486 1568 iter
502 1536 547 1569 ad
569 1536 825 1580 jusjurandum
843 1538 1008 1581 Philippo
1025 1537 1258 1571 deferendum
1275 1540 1524 1581 susceperunt,
1542 1537 1666 1572 XIII.

202 1599 286 1623 vero
302 1589 584 1634 Scirophorionis
597 1591 655 1625 die
670 1595 756 1625 sunt
771 1591 924 1631 reversi3
943 1592 1018 1625 fieri
1035 1602 1107 1625 non
1124 1602 1228 1635 posse
1241 1590 1396 1631 videtur,
1408 1594 1450 1624 ut
1461 1591 1543 1634 plus
1557 1601 1668 1635 quam

202 1652 335 1677 novem
351 1646 388 1677 et
404 1644 595 1688 sexaginta
610 1645 688 1680 dies
714 1646 759 1680 ab
776 1645 828 1679 eis
843 1645 881 1678 in
898 1646 1076 1689 logatione
1093 1645 1261 1678 obeunda
1287 1644 1359 1678 sint
1376 1645 1568 1679 consumti.
1617 1645 1670 1679 At

204 1698 470 1732 Demosthenes
486 1698 532 1746 [ξ.
549 1700 607 1744 κ’.]
633 1702 705 1733 tres
722 1701 818 1734 totos
833 1710 989 1740 menses,
1007 1699 1070 1744 qui
1094 1700 1171 1733 dies
1194 1702 1280 1733 sunt
1296 1699 1562 1740 LXXXIIX,
1584 1700 1668 1733 huie

201 1751 322 1786 itineri
338 1753 481 1787 tribuit:
501 1755 780 1798 ἀπεδημὴσαμεν,
795 1755 926 1798 inquit,
940 1755 1034 1798 ἡμεῖς
1045 1755 1098 1788 ἐπὶ
1109 1757 1186 1794 τοὺς
1197 1755 1315 1798 ὅρκους
1327 1758 1415 1798 τρεῖς
1430 1754 1530 1793 ὅλους
1545 1758 1668 1798 μῆνας,

203 1809 241 1840 01
252 1806 364 1841 infra:
383 1811 471 1853 τρεῖς
486 1813 598 1853 μῆνας
613 1810 714 1848 ὅλους
727 1810 1023 1853 ἀποδημήσαντες,
1040 1811 1077 1842 et
1090 1809 1129 1842 in
1144 1807 1306 1842 oratione
1317 1818 1380 1852 pro
1393 1808 1538 1842 Corona
1555 1806 1599 1853 [ξ.
1617 1806 1667 1854 ι’.]

202 1861 317 1895 multo
336 1873 357 1894 a
372 1862 526 1896 veritate
541 1863 737 1898 remotius:
767 1864 797 1897 οἱ
813 1866 951 1908 χρηστοὶ
972 1864 1128 1908 πρέσβεις
1144 1860 1237 1898 οὗτοι
1253 1865 1405 1904 καθῆντο
1421 1864 1458 1896 ὲν
1477 1863 1667 1907 Μακεδονίᾳ

201 1921 288 1960 τρεῖς
301 1918 400 1957 ὅλους
411 1921 536 1961 μῆνας,
552 1918 612 1957 ἕως
628 1915 711 1958 ἦλθε
732 1920 902 1958 Φίλιππος
926 1919 959 1951 ἐκ
977 1918 1119 1963 Θρᾴκης.
1168 1918 1220 1950 At
1235 1927 1316 1950 vero
1333 1919 1478 1950 tautum
1494 1917 1608 1958 abest,
1625 1920 1667 1950 ut

201 1972 313 2014 legati
329 1974 401 2005 tres
427 1975 521 2005 totos
536 1982 678 2005 menses
702 1973 815 2006 otiose
839 1973 878 2006 in
895 1972 1116 2006 Macedonia
1132 1972 1296 2005 triverint
1312 1971 1520 2016 Philippum
1538 1982 1667 2015 exspe-

203 2027 349 2068 ctando,
365 2029 406 2058 ut
417 2026 625 2060 uuiversum
637 2027 704 2065 iter
720 2027 839 2060 minus
855 2027 984 2060 diebus
1005 2027 1118 2061 LXX
1143 2026 1375 2060 confecerint.
1425 2026 1497 2059 His
1510 2026 1571 2059 illa
1589 2037 1668 2070 ger-

203 2075 311 2114 mana
336 2085 430 2122 sunt,
448 2092 529 2124 quae
547 2082 670 2114 scribit
691 2080 728 2114 in
754 2081 913 2115 oratione
931 2082 976 2114 de
1003 2081 1090 2114 falsa
1114 2080 1293 2123 legatione
1310 2091 1394 2124 pag.
1414 2083 1494 2113 152.
1519 2077 1564 2125 [ξ.
1592 2078 1667 2126 κζ’.]

202 2139 266 2175 τῆς
293 2136 426 2179 εἶρὴνης
450 2136 513 2176 ἤδη
534 2137 711 2179 γεγονυίας
737 2138 791 2168 καὶ
812 2139 874 2176 τῆς
891 2135 1106 2179 Χερῤονὴσου
1131 2136 1220 2173 σώας
1244 2135 1358 2176 οὔσης,
1374 2134 1535 2179 τέτταρας
1555 2138 1668 2178 μῆνας

201 2190 300 2228 ὅλους
316 2191 477 2227 ἐσώζοντο
492 2190 520 2222 οἱ
534 2193 656 2228 Φωκεῖς
673 2192 750 2229 τοὺς
766 2191 914 2234 ὕστερον.
959 2189 1033 2230 Qui
1046 2191 1169 2222 tamen
1184 2191 1256 2221 tres
1271 2199 1345 2222 11011
1358 2188 1510 2231 amplius
1525 2198 1667 2221 menses

203 2246 300 2286 sunt,
316 2246 353 2276 et
370 2244 445 2277 (1105
462 2247 627 2288 quatuor,
644 2243 712 2277 nisi
727 2255 783 2277 me
797 2244 898 2288 digiti
916 2243 1045 2277 fallunt
1058 2245 1308 2277 numerantem
1325 2254 1347 2276 a
1363 2242 1482 2276 XIX.
1512 2242 1668 2286 Elaphe-

203 2297 370 2340 bononis,
385 2309 456 2342 quo
473 2309 600 2342 pacem
617 2298 749 2331 saetam
761 2299 932 2341 diximus,
948 2298 994 2332 ad
1012 2298 1086 2332 III.
1101 2301 1138 2331 01
1153 2298 1249 2332 XX.
1282 2295 1578 2341 Scirophorioffls,
1594 2307 1667 2341 quo

202 2352 443 2386 Phocensiuin
460 2352 568 2385 urbes
584 2353 619 2385 111
639 2353 653 2395 j
661 2365 701 2386 115
719 2364 762 2386 ae
778 2355 994 2397 potestatem
1008 2352 1165 2396 Philippi
1181 2353 1369 2386 venerunt.
1411 2351 1595 2385 Videntur
1610 2353 1667 2384 ta-

202 2418 298 2449 men,
314 2406 413 2452 (nam
432 2408 550 2452 placet
564 2408 858 2449 Demosthenem,
872 2418 944 2452 qua
957 2409 1077 2449 datur,
1088 2406 1291 2449 excusare,)
1307 2406 1358 2440 ita
1372 2406 1471 2450 loqui
1484 2405 1591 2448 soliti,
1604 2408 1668 2438 aut

206 2462 330 2496 Graeci
340 2473 476 2505 omnes,
489 2465 552 2495 aut
567 2462 695 2504 Attici,
713 2466 764 2505 ut,
781 2462 887 2506 cujus
902 2473 983 2507 pars
994 2463 1109 2496 multo
1123 2462 1295 2502 maxima,
1311 2463 1375 2494 aut
1390 2461 1511 2505 aliqua
1527 2461 1666 2501 saltem,

205 2519 341 2561 quanta
358 2520 496 2562 quanta
511 2520 617 2558 05501,
637 2517 673 2550 id
688 2518 769 2550 ὅλον
787 2528 864 2550 0550
885 2517 1059 2550 dicerent.
1092 2516 1290 2550 Observavi
1306 2515 1342 2548 id
1357 2525 1439 2548 eum
1454 2514 1550 2558 apud
1567 2513 1665 2555 alios,

204 2576 280 2605 tum
295 2572 394 2615 apud
408 2572 519 2605 Arist.
537 2571 589 2604 ΙΙ.
609 2571 716 2605 Β1101.
734 2582 813 2615 cap.
832 2571 1000 2606 XXIII.
1019 2573 1110 2605 ἔστιν
1127 2573 1144 2605 ὁ
1162 2572 1267 2610 τόπος
1283 2567 1380 2609 οὗτος
1393 2570 1457 2610 ’ὀλη
1471 2569 1576 2612 τέχνη
1592 2570 1614 2609 ἤ
1630 2581 1664 2601 τε

206 2629 394 2671 Παμφίλου,
412 2629 433 2668 ἥ
450 2640 483 2660 τε
510 2628 739 2659 Καλλίππουε
768 2637 880 2669 quum
903 2629 1025 2658 tamon
1044 2636 1151 2669 supra
1168 2625 1212 2659 de
1236 2625 1306 2658 alio
1325 2625 1404 2657 loeo
1421 2634 1544 2667 agens,
1567 2623 1666 2656 unde

204 2684 396 2715 sumuntur
412 2683 633 2725 argumenta,
652 2680 826 2723 scriptum
844 2679 1054 2724 reliquisset,
1071 2681 1088 2712 ὁ
1112 2681 1217 2719 τόπος
1239 2676 1337 2718 οὗτός
1360 2680 1451 2712 ἐστιν
1469 2679 1491 2718 ἡ
1508 2679 1666 2711 Καλλίπ-

203 2748 271 2768 που
287 2736 404 2779 τέχνη.
455 2735 528 2776 Qui
544 2735 639 2768 enim
659 2735 734 2768 fieri
757 2737 886 2778 potest,
904 2738 946 2767 ut
968 2734 1158 2778 Callippus
1182 2734 1218 2767 in
1244 2736 1322 2766 arte
1338 2732 1480 2766 dicendi
1498 2731 1543 2764 de
1559 2741 1664 2775 supc-

203 2790 297 2822 riore
322 2792 465 2823 tantum
489 2790 569 2823 loeo
593 2789 717 2832 egerit,
743 2798 816 2833 quo
842 2798 896 2820 ars
921 2788 1002 2831 ojus
1026 2788 1268 2820 contineretur
1293 2786 1470 2827 universa,
1487 2785 1515 2817 si
1534 2785 1665 2818 fatetur

204 2844 280 2887 ipse
298 2843 523 2886 Aristoteles,
548 2843 593 2876 de
620 2843 731 2876 altero
755 2842 864 2876 etiam
889 2843 1027 2886 egisse?
1053 2842 1299 2885 Praeterquam
1326 2840 1423 2885 quod
1451 2839 1619 2873 abhorret
1644 2850 1665 2871 a

204 2908 301 2939 vero,
326 2897 381 2930 his
406 2901 546 2932 tantum
574 2897 768 2942 praeceptis
797 2899 910 2931 artem
927 2895 1072 2929 dicendi
1097 2897 1301 2929 universam
1329 2906 1350 2928 a
1367 2894 1530 2938 Callippo
1556 2893 1664 2927 fuisse

202 2951 505 2994 comprehensam,
549 2953 632 2986 Fuit
649 2952 757 2996 igitur
775 2952 874 2986 locus
888 2951 958 2993 illc,
973 2950 1000 2983 si
1019 2950 1137 2983 minus
1155 2951 1227 2983 tota
1249 2961 1315 2989 urs,
1334 2952 1367 2982 at
1383 2949 1460 2992 ejus
1472 2951 1569 2984 certe
1582 2957 1664 2992 pars
