1928 3284
283 202 393 251 310

675 206 1328 250 ΔΗΜΟΣΘΕΝΟΥΣ

431 316 550 374 Οὔθ’
575 320 687 395 ἶερῶν
710 320 916 382 κτεάνων,
945 318 1044 373 οὕτε
1072 320 1153 374 1τῖ
1173 320 1386 393 δημοσίων

975 444 1027 472 ’τι

287 544 327 573 ταὶ
342 545 395 583 γὰρ
410 542 492 572 ἄδικα.
506 542 571 582 {eya
591 541 724 581 ἕργμα-τά
739 540 814 570 ἐστι.
860 541 986 570 Senten-

288 585 329 658 Eia
354 591 413 621 est,
430 586 546 623 injustis
564 586 651 614 lucris
675 594 717 614 eos
732 584 834 613 ditari.
874 582 986 612 Hesio-

311 638 345 658 us
359 639 367 658 ε

371 687 451 716 Rau&
466 684 559 726 κέρδεα
573 684 625 715 ἶσαι
638 686 747 726 ἄτῃσιν.
778 684 901 715 WoLF.

330 752 402 783 013&
415 753 498 793 ἱερῶν]
510 752 571 781 Hic
584 756 746 783 occurrunt
755 753 815 781 duo
828 752 987 789 Pentame-

289 796 328 826 tri
344 796 425 825 nullo
439 796 627 824 Hexarnetro
647 794 866 824 interveniente
880 804 888 830 ς
909 799 940 823 et
958 804 987 824 v.

286 839 458 877 ult.p.31⁰2.
472 838 576 868 eadem
589 837 763 867 conditione
778 837 912 867 vicissim
924 837 986 866 duo

288 880 481 910 Hexarnetri.
528 880 625 910 Aliter
640 880 744 913 credo,
766 890 852 918 quarn
875 880 938 908 Lex
957 882 988 907 et

289 924 382 952 Ratio
399 923 571 963 Elegiarnm
591 922 772 962 postulavit,
788 922 894 951 saltem
907 922 988 959 apud

288 966 447 1005 Antiquos.
492 965 636 995 Fortasse
663 975 698 995 ea
720 975 771 994 res
786 964 884 994 movit
914 963 988 993 Edi-

289 1012 383 1044 tores,
399 1013 432 1038 ut
447 1008 614 1038 avellerent
629 1009 660 1038 in
675 1007 722 1036 his
738 1007 815 1037 locis
828 1012 859 1036 et
874 1006 988 1036 discer-

286 1056 394 1090 perent
426 1052 481 1080 hos
515 1051 627 1090 Elegos
652 1050 784 1085 Solonis,
817 1050 902 1088 quasi
934 1049 987 1078 de-

286 1095 398 1124 fectum
413 1093 596 1123 indicarent:
621 1093 666 1122 vel
693 1093 820 1122 fortasse
844 1096 988 1131 putarunt

288 1137 346 1166 tria
373 1138 438 1166 haec
463 1146 530 1165 esse
545 1135 665 1165 Solonis
680 1136 858 1173 fragmenta,
878 1145 916 1163 ex
943 1134 988 1163 di-

290 1179 385 1208 versis
400 1178 476 1208 locis
492 1183 601 1213 sumta,
617 1182 647 1207 et
667 1178 716 1206 hic
733 1177 821 1216 quasi
838 1176 987 1206 consarci-

286 1226 366 1252 nata.
411 1221 455 1251 Ea
470 1226 528 1257 est,
541 1220 676 1260 inquam,
692 1220 799 1249 Facies
812 1219 987 1249 Editionum

288 1265 430 1294 omnium.
475 1264 521 1293 An
547 1264 591 1293 ita
607 1274 640 1292 se
663 1273 712 1293 res
735 1263 855 1298 habeat,
884 1272 989 1297 necne,

285 1308 403 1347 ignoro.
448 1306 526 1336 Illud
558 1307 663 1335 saltem
690 1310 790 1341 teneo,
815 1305 988 1344 neutiquam

289 1360 380 1390 posse
396 1349 471 1384 fieri,
488 1355 521 1378 ut
551 1350 645 1378 multa
672 1348 702 1377 in
725 1349 793 1377 istis
809 1348 936 1383 lacunis,
963 1347 988 1376 si

288 1398 386 1423 tamen
401 1393 516 1421 lacunae
540 1392 611 1426 sint,
634 1392 793 1421 deessent:
819 1391 894 1419 adeo
914 1391 988 1419 bene

288 1436 443 1466 cohaerent
454 1439 483 1464 et
498 1439 731 1473 consequuntur,
749 1444 815 1472 quoe
828 1433 918 1462 hodie
937 1433 988 1462 ha-

288 1479 406 1509 bemus.
453 1478 523 1507 Hoc
547 1477 576 1506 in
607 1477 732 1507 Poetica
747 1476 898 1511 versione,
915 1485 988 1515 qua-

287 1521 347 1551 lem
363 1520 468 1550 Wolfii
485 1519 681 1557 subjecimus,
710 1529 767 1548 non
797 1519 872 1548 adeo
899 1518 988 1547 facile

286 1567 423 1603 apparet.
471 1564 663 1601 Apponemus
694 1561 788 1599 igitur
819 1562 989 1596 Etruscam,

287 1617 355 1645 quae
377 1616 432 1635 nec
453 1615 528 1643 pura
545 1611 619 1644 puta
643 1611 689 1634 est
717 1604 854 1638 Poenica,
882 1614 987 1633 verum

286 1654 439 1688 utcunque
454 1649 532 1677 inter
557 1648 682 1677 Prosam
706 1651 736 1677 et
760 1647 904 1677 Poeticen
927 1657 987 1675 am-

288 1692 388 1722 bulat:

330 1759 378 1789 La
389 1758 470 1789 Cittti
480 1763 576 1788 nostra
588 1758 704 1796 maiper
715 1757 787 1798 fato
801 1758 903 1796 iniqua

331 1801 398 1832 Non
410 1802 517 1840 perivit,
528 1811 562 1830 ne
575 1811 627 1840 per
641 1802 716 1830 valer
733 1801 764 1829 di
781 1799 879 1829 Giore.

332 1845 391 1874 Che
403 1844 497 1884 quella
506 1844 555 1873 che
570 1842 709 1882 dalforte
718 1844 808 1881 padre
824 1841 838 1871 ἑ
853 1847 924 1871 nata

330 1887 454 1917 Pallade
462 1888 575 1927 saggia,
591 1887 620 1915 Ia
634 1886 761 1926 dg'fende,
775 1895 789 1914 e
804 1894 902 1925 regge.

331 1930 386 1960 ,Ma
402 1930 413 1959 i
428 1930 561 1964 εῐιίαόῐη,
574 1927 618 1958 ch’
631 1928 680 1957 ull*
691 1939 737 1958 oro
752 1938 818 1957 sono
832 1927 949 1962 intenti,

332 1972 359 2001 E
381 1973 408 2002 la
424 1972 459 2002 de
471 1972 515 2012 gli
529 1972 652 2001 ottimati
664 1972 792 2010 iwgiusta
805 1977 908 2005 mente,

331 2014 350 2044 Ι
364 2016 431 2055 quai
441 2025 504 2044 sono
516 2014 593 2055 afar
609 2014 686 2043 mille
702 2015 831 2053 ingiurz'e
846 2012 956 2051 pronti,

332 2057 414 2087 Onde
425 2058 518 2096 poscia
530 2058 634 2095 patisce
647 2058 667 2085 il.
678 2057 757 2095 μηροὶ
773 2061 859 2091 tutto,

333 2100 503 2138 corromper
512 2100 624 2139 voglion
642 2098 670 2128 la
684 2099 726 2128 lor
740 2109 817 2138 gran
833 2097 950 2131 cittmle,

332 2142 442 2172 Perche
452 2142 500 2171 nel
516 2142 566 2171 ben
582 2152 641 2170 non
655 2151 743 2170 samm
755 2141 932 2178 temperarsi‚

333 2183 379 2214 Ne
393 2184 520 2214 celebrar
536 2182 555 2213 ι’
569 2184 677 2223 allegre
683 2183 761 2224 feste
775 2184 808 2212 in
821 2192 900 2221 pace,

331 2226 378 2256 Ne
393 2226 414 2256 s'
429 2232 569 2266 astengon
584 2226 635 2255 dal
646 2236 736 2260 sacro,
749 2237 764 2255 o
778 2225 827 2255 dal
837 2223 970 2266 profano,

289 2270 307 2289 '¹
332 2269 398 2300 Pur
408 2268 453 2298 ch'
463 2269 616 2307 adempian
627 2268 655 2297 la
670 2268 844 2308 laringorda
860 2266 963 2307 voglio.

332 2311 378 2342 Ne
391 2321 489 2342 servan
507 2311 535 2340 Ia
549 2312 687 2350 giustitia
701 2312 794 2340 amica
810 2322 827 2340 a
845 2309 912 2339 Dio.

330 2354 378 2384 La
393 2354 462 2394 qual
474 2354 604 2389 tacendo,
619 2354 642 2383 il
654 2359 794 2393 presente,
811 2352 847 2383 e'l
856 2359 966 2391 passato

336 2396 420 2433 Vecte,
435 2407 449 2426 e
464 2398 560 2432 tarda,
572 2407 619 2425 ma
634 2398 664 2426 ol
679 2397 730 2436 fin
746 2397 824 2426 viane
840 2395 857 2424 ὰ
871 2398 986 2434 punire.

332 2441 415 2470 Onde
427 2439 571 2469 incurabil
583 2439 672 2478 plaga
688 2440 715 2468 Ια
727 2440 832 2468 citcade

330 2483 425 2514 Assale
436 2487 526 2518 tutta,
535 2483 606 2512 ande
616 2482 672 2511 ella
684 2483 776 2520 poscz'av
786 2488 887 2520 presto.

1063 543 1143 574 Sotto
1157 543 1178 573 ’l
1191 545 1277 585 giogo
1292 544 1390 574 servile
1402 544 1423 573 il
1435 544 1508 573 callo
1520 553 1613 582 pune,¹

1065 584 1242 616 Ediscordia
1257 588 1348 622 civile,
1364 598 1378 616 e
1392 597 1500 626 guerra
1513 587 1593 616 desta

1065 628 1124 659 che
1137 630 1241 663 dorme,
1254 630 1352 669 laquel
1367 630 1448 658 molti
1460 629 1558 668 giovin
1573 637 1687 668 spegne’.

1065 670 1175 701 Perche
1192 672 1221 700 la
1229 673 1341 710 putria,
1357 671 1372 700 ἐ
1387 672 1433 701 da'
1449 672 1547 701 nimici
1562 669 1657 711 offeso,

1066 713 1260 754 Ch’offendan
1271 715 1335 753 quei
1346 714 1398 743 che
1408 714 1506 744 ‹Iianzi
1517 723 1604 743 erano
1621 712 1720 742 antici.

1065 755 1130 784 Hor
1145 757 1235 794 questi
1248 756 1318 785 mali
1330 755 1400 786 tra’l
1410 757 1508 794 popolo
1518 766 1591 785 sono.

1064 797 1147 827 Altri
1159 799 1253 827 miseri
1268 808 1364 828 vanno
1378 809 1394 826 α
1406 803 1484 827 terra
1494 804 1595 827 stranea

1068 839 1205 876 Vendum',
1219 841 1249 869 in
1265 841 1367 875 bruni,
1382 850 1396 869 e
1411 841 1483 869 duri
1499 840 1573 869 [acci
1588 839 1706 869 avvolti.

1066 881 1130 911 Cosi
1144 883 1167 911 il
1178 881 1237 911 mal
1252 883 1322 912 tutti
1337 892 1372 912 w
1387 893 1405 910 a
1420 888 1533 911 trovare
1547 893 1565 911 a
1579 892 1655 912 casa.

1068 924 1093 953 E
1109 925 1175 954 sela
1185 925 1278 963 prima
1293 930 1376 963 porta
1397 923 1454 954 no'l
1468 925 1573 960 τίεευε,

1068 966 1136 1007 Egli
1154 968 1183 997 in
1198 968 1271 996 eima
1285 965 1352 996 ‹lell'
1365 966 1423 996 alto
1438 972 1506 997 tetro
1520 966 1587 1002 sale,

1069 1009 1173 1040 Talche
1185 1011 1317 1039 ritruova
1329 1011 1451 1050 ogniun,
1467 1019 1494 1039 se
1506 1009 1573 1039 bene
1587 1006 1700 1049 e’fusse

1071 1051 1123 1082 Ne’
1137 1053 1190 1091 piu
1204 1054 1302 1082 secreti
1317 1052 1461 1091 penetrali
1473 1062 1573 1081 ascoso.

1066 1095 1131 1126 Hor
1146 1100 1239 1134 queste
1249 1104 1306 1124 cose
1321 1095 1402 1124 mele
1418 1095 1498 1124 detta
1515 1095 1538 1123 il
1551 1093 1637 1133 genio

1068 1137 1123 1167 Per
1137 1137 1182 1177 gli
1196 1137 1350 1167 Atheniesi.
1397 1136 1456 1166 Che
1472 1137 1496 1166 le
1510 1138 1590 1166 triste
1603 1135 1680 1176 leggi

1067 1180 1108 1209 Di
1122 1180 1202 1209 molti
1217 1180 1286 1208 mali
1299 1179 1359 1209 alla
1367 1179 1438 1208 citt&
1447 1190 1492 1209 son
1503 1189 1600 1208 causa.

1067 1222 1129 1252 Ele
1145 1222 1235 1251 buoue
1251 1223 1319 1262 ogni
1330 1231 1392 1251 cosa
1407 1222 1520 1262 eguale,
1537 1231 1552 1251 e
1564 1222 1656 1260 pinna

1068 1265 1094 1295 Ε
1109 1266 1305 1302 bencomposto
1319 1264 1438 1305 fiznno3
1463 1273 1477 1293 e
1504 1264 1529 1293 Ie
1544 1263 1667 1292 ‘medente

1066 1308 1160 1346 Spesso
1175 1307 1315 1346 avvolgan
1332 1308 1357 1336 lu
1365 1306 1447 1348 fune
1461 1307 1491 1335 al
1503 1306 1573 1335 collo
1587 1305 1616 1335 α’
1629 1305 1719 1334 tristi.-

1069 1350 1094 1379 Ε
1109 1350 1127 1379 l'
1143 1359 1225 1388 aspro
1236 1350 1316 1379 molle
1326 1348 1437 1390 jonna,
1451 1359 1465 1378 e
1482 1348 1500 1378 l'
1516 1348 1659 1378 insolenza

1066 1393 1188 1428 Lievun,
1204 1391 1324 1431 efan‘nn
1337 1402 1425 1421 ancor
1435 1401 1526 1421 cessar
1536 1391 1554 1421 l’
1564 1390 1708 1431 ingiuria‚

1066 1435 1092 1465 E
1107 1437 1117 1465 ἰ
1131 1434 1195 1474 fior
1218 1445 1312 1464 secem·
1331 1435 1380 1464 del
1403 1434 1473 1470 mal,
1503 1433 1548 1464 ch’
1569 1435 1636 1474 ogni
1651 1432 1723 1462 hora

1106 1487 1207 1507 nasce:

1066 1520 1093 1550 E
1108 1521 1246 1549 ‘madi-ano
1259 1521 1269 1548 z'
1282 1519 1404 1559 giuditii
1419 1520 1499 1553 duri,
1511 1529 1524 1548 e
1538 1518 1559 1548 l'
1573 1529 1639 1557 opre

1064 1564 1188 1601 Superbe
1205 1561 1431 1603 humilifanm,
1446 1572 1461 1591 e
1478 1561 1508 1591 la
1522 1562 1606 1591 civile

1066 1605 1219 1635 Discordia
1225 1606 1288 1646 fan
1298 1605 1361 1634 coll'
1375 1606 1421 1633 ira
1434 1604 1537 1633 altiera
1552 1614 1638 1639 vana,

1065 1648 1092 1678 Ε
1107 1649 1145 1678 do
1161 1648 1212 1677 lor'
1226 1649 1294 1686 agni
1309 1647 1374 1676 bene
1391 1646 1501 1676 human
1516 1647 1627 1676 derivo.

1023 1715 1136 1744 Versus
1164 1714 1220 1743 hos
1259 1713 1379 1742 Solonis
1409 1713 1531 1751 plurimi
1562 1711 1723 1742 Latinitate

1021 1757 1143 1796 poetica
1167 1757 1334 1785 donarunt:
1370 1756 1502 1785 Wolfius
1521 1760 1632 1791 noster,
1649 1755 1724 1784 Phi-

1021 1801 1123 1839 lippus
1142 1798 1562 1837 Melanchllio,cujusVersio
1578 1799 1614 1828 ad
1633 1798 1734 1827 finem>

1022 1844 1048 1872 Ι.
1084 1842 1198 1872 Stobaei
1229 1842 1339 1876 editur,
1372 1851 1441 1880 pag.
1472 1843 1545 1872 6:3⁶2.
1602 1842 1723 1880 Anony-

1021 1895 1085 1915 mus
1106 1885 1238 1923 quidam,
1256 1885 1307 1923 qui
1332 1884 1462 1923 quinque
1488 1885 1542 1913 lias
1558 1883 1722 1913 Orationes

1022 1928 1185 1962 convertit,
1201 1927 1358 1965 ediditque
1375 1928 1483 1956 venet.
1498 1927 1579 1965 apud
1593 1926 1721 1956 Hieron.

1022 1972 1147 2000 Scotum
1164 1971 1256 2000 1545.
1302 1970 1428 2004 Verum,
1457 1974 1489 1998 ut
1505 1970 1608 2004 credo,
1625 1970 1724 2008 (nam-

1022 2024 1079 2052 que
1096 2013 1124 2042 in
1139 2023 1175 2042 eo
1193 2012 1321 2042 vertitur
1332 2014 1395 2041 haec
1410 2011 1590 2050 Annotatio)
1603 2011 1722 2040 licenti-

1022 2066 1069 2085 am
1084 2056 1171 2085 istam
1186 2055 1216 2084 in
1231 2055 1381 2093 Elegiacis
1394 2054 1620 2093 componendis,
1635 2064 1722 2092 quam

1023 2099 1111 2128 modo
1141 2098 1294 2131 annotavi,
1326 2107 1387 2127 non
1417 2097 1505 2126 facile
1537 2097 1723 2126 admiserunt

1023 2142 1159 2170 Veteres.
1195 2141 1229 2169 In
1246 2139 1387 2179 plurimis
1403 2149 1486 2173 sane,
1507 2149 1573 2177 quae
1589 2139 1721 2178 relique-

1021 2187 1102 2219 runt,
1127 2182 1233 2220 religio
1259 2186 1323 2211 erat
1352 2183 1539 2212 Hexametro
1564 2182 1723 2211 Pentame-

1022 2231 1098 2255 trum
1116 2236 1202 2255 suum
1220 2225 1370 2263 subjicere
1387 2231 1416 2254 et
1433 2226 1608 2263 conjugare,
1621 2229 1654 2253 ut
1667 2233 1723 2263 per

1022 2273 1114 2298 totam
1133 2268 1269 2307 Elegiam
1286 2267 1399 2307 pariter
1420 2267 1514 2297 fieret.
1560 2266 1725 2296 Recentio·

1022 2322 1086 2340 rum
1103 2311 1230 2340 arbitror
1257 2321 1323 2339 esse
1341 2315 1553 2345 commentum,
1579 2320 1654 2348 quos
1677 2315 1722 2338 ta-

1023 2364 1089 2383 men
1117 2355 1200 2392 ipsos
1221 2353 1251 2382 in
1271 2363 1306 2382 ea
1330 2363 1362 2382 re
1378 2363 1487 2391 parcos
1503 2353 1597 2382 fuisse
1613 2352 1724 2390 depre-

1023 2396 1201 2425 hendimus:
1235 2397 1288 2425 sed
1314 2396 1451 2434 quaedam
1476 2405 1513 2424 ex
1541 2405 1577 2425 eo
1610 2404 1720 2434 genere

1023 2439 1114 2469 Saxis
1128 2444 1158 2468 et
1170 2438 1373 2468 Marmoribus
1389 2438 1607 2477 adhaerescunt.

456 2579 499 2603 El<
522 2579 650 2602 ΓΕΝΕΗΣ
674 2578 878 2602 ΠΕΡῙΒΩΤΟΝ
902 2573 961 2602 ΑΠ’
984 2580 1211 2603 ΑΝΘὙΠΑΤΩΝ
1235 2579 1294 2602 ΚΑΙ
1317 2577 1493 2602 ’ΥΠΑΡΧΩΝ

455 2629 703 2653 ΠΛΟΎΤΑΡΧΟΝ
727 2628 927 2654 ΚΑΘΑΡΗΣῙΝ
948 2630 1124 2655 ΑΟΙΔΙΜΟΝ
1147 2629 1366 2654 Ε’ΥΝΟΜῙΗΣῙΝ

454 2680 695 2704 ΠΡΩΦΡΟΝΕΩΣ
718 2679 906 2704 ΜΕΓΑΡΗΕΣ
932 2681 1171 2705 ΑΕΙΜΝΗΣΤΟῙΣ
1196 2681 1253 2704 ΕΠΙ
1277 2679 1397 2704 ΕΡΓΟΙΣ

540 2731 653 2755 EIKONI
676 2731 818 2755 AAlNEl-II
846 2731 986 2754 ΣΤΗΣΑΝ
1010 2731 1260 2755 ΑΓΑΣΣΑΜΕΝΟΙ

456 2781 579 2806 ΠΑΝΤΗ
601 2781 864 2805 ΠΛΟΥΤΑΡΧΟΙΟ
888 2781 1002 2805 ΚΛΕΟΣ
1027 2782 1149 2805 I'IANTH
1174 2781 1222 2806 ΔΕ
1244 2781 1289 2804 ΤΕ
1313 2779 1443 2804 ΘΑὙΜΑ

538 2832 662 2856 ΠΑΝΤΗ
686 2825 721 2857 Δ’
742 2832 921 2856 ΕΎΝΟΜΙΗΣ
951 2832 1067 2856 ΕΎΧΟΣ
1093 2832 1300 2856 ΑΠΕῙΡΕΣΙΟΝ

455 2883 560 2907 ΎῚΕΟΣ
585 2882 726 2907 ΕΎῬῙΟῙΟ
749 2883 822 2907 TON
846 2882 1041 2906 ΑΛΚΑΘΕΟΎ·
1063 2883 1246 2906 ΝΑΕΤΗΡΕΣ

537 2933 690 2958 nomon
715 2926 795 2958 ,ΑΝ-ν’
820 2934 965 2957 ΑΓΑΘΩΝ
990 2934 1076 2958 timos
1102 2933 1207 2958 ΔιΚΗΣ
1231 2931 1394 2958 remum.

1536 2927 1678 2966 Megaris.
