1928 3284
249 201 358 247 204

246 316 434 356 plenitudine
447 316 572 351 dicitur,
588 327 607 344 α
619 315 711 347 ὗτεπ
722 326 740 343 α
750 327 797 353 γγ
807 314 817 345 ἐ
828 322 846 344 λ
855 327 875 344 τ
885 327 896 344 ο
906 326 951 348 υς,

244 359 399 394 ἐθελοντὰς,
413 363 447 389 ut
464 360 510 389 De
526 360 638 389 Coron.
655 359 682 398 ᾗ.
703 359 751 387 κά.
769 357 866 397 infin.
912 358 952 386 Et

243 402 383 440 profecto
413 412 473 432 non
501 402 690 432 solummodo
722 411 790 430 cum
821 400 952 439 plenitu-

244 445 328 480 dine,
359 446 415 474 sed
444 449 528 474 tanta
558 443 759 474 similitudine
790 443 894 476 etiam,
919 447 953 471 ut

244 487 380 517 nonnulli
400 488 599 526 posteriorem
623 496 741 519 vocem,
764 495 821 524 pro
843 485 954 514 Glossa

244 531 426 565 damnatam,
442 530 553 569 ejicere
580 540 638 559 non
655 529 838 558 dubitarent.
872 527 954 567 (11.)

247 573 367 602 Deinde
397 573 547 612 significat
572 572 720 606 Polliceri,
747 570 849 600 Fidem
871 570 954 605 dure,

246 621 277 645 et
294 616 328 646 Se
351 616 526 655 obstringere
547 616 586 644 ad
608 615 721 653 aliquid
742 613 952 663 praestandum.

246 659 295 688 Ita
310 659 450 688 Noster
442 670 472 688 ιη
493 659 548 687 hac
561 657 755 695 Oratione,§
761 654 829 694 .’.ιζ
846 654 955 686 ἐπαινέ-

244 712 294 730 σαι
308 701 456 736 Φίλιππον,
468 700 510 730 ὅτι
534 699 545 729 ἐ
558 711 608 730 πα
618 711 663 738 γγ
673 698 684 729 ε’
695 706 713 728 λ
723 657 790 728 Rin-
800 710 837 727 αι
860 700 900 728 τὰ
915 698 954 727 δί-

243 755 314 773 καια
330 744 469 773 ποιήσειν·
483 740 552 772 ἀλλ’
567 742 639 772 οὐδὲν
661 741 757 775 ἐκεῖνός
778 750 811 778 γε
833 739 844 770 ἐ
855 751 954 778 ἐσηγ-

242 797 262 823 γ
272 785 310 815 ἑλ
319 792 337 815 λ
347 796 357 816 ε
368 797 417 820 το,
445 787 524 815 ἀλλὰ
545 784 680 815 τοσούτου
704 794 736 821 γε
759 782 811 813 ἔδει
837 795 849 812 ε
859 794 882 813 π
891 795 910 812 α
919 795 952 821 γ-

244 840 264 865 γ
272 828 283 858 ἑ
295 834 313 857 λ
323 834 341 857 λ
351 839 362 858 ε
372 840 393 857 o·
404 828 428 857 3
436 842 454 858 α
465 841 485 862 ι,
511 827 681 857 {beve—Ita
703 828 732 856 in
764 827 953 866 Argumento

243 871 381 921 Philipp.
391 872 438 900 11.
450 870 651 904 διαβάλλουσιν
661 869 822 904 αυτὲν-ἇις
836 868 847 899 ἐ
859 879 882 898 π
892 881 910 898 α
919 881 953 907 y-

242 924 262 949 y
272 923 284 942 ε
295 920 313 942 λ
323 913 453 953 λόμενο
462 925 474 943 ν
502 914 598 947 αὐτοῖς
630 914 726 943 πολλοὶ
753 911 801 940 καὶ
822 913 954 950 μεγαλα,

242 954 405 994 ψευδόμενον
419 956 457 987 δέ.
479 957 579 995 Atque
596 956 706 985 iterum
721 954 798 984 ibid.
814 954 888 985 οὔτε
900 957 954 994 γὲς

241 999 308 1032 ταῖς
317 997 487 1033 ἐπιστολαῖς
499 997 666 1039 ἐνέγραψεν“
655 1011 667 1027 ο
684 996 824 1030 Φίλιππος
843 996 854 1026 ἒ
863 1008 887 1027 π
896 1009 954 1035 αγ-

241 1040 378 1079 γελίαν
405 1041 542 1082 ουδεμίαν,
566 1041 623 1071 ουδὲ
646 1041 691 1070 διὰ
713 1042 767 1069 τῶν
792 1038 862 1069 ἰδίων
882 1050 954 1080 πρε-

242 1082 364 1116 σβειῶν’
355 1083 514 1114 εωοιῆσατό
526 1095 587 1113 τινα
597 1083 765 1124 ὑπόσχεσιν.
787 1082 849 1111 Sed
858 1092 953 1121 pergo

243 1127 392 1161 sustinere
406 1127 631 1166 Le'xicograpbi
642 1134 812 1165 personam.
824 1123 851 1154 ’E
860 1135 884 1154 π
892 1136 911 1153 α
921 1136 954 1162 γ·

243 1180 262 1206 γ
272 1167 283 1197 ἑ
294 1175 312 1198 λ
322 1175 362 1198 λε
372 1181 392 1198 σ
402 1167 461 1199 θαι
488 1169 520 1199 in
546 1170 671 1199 111.et
701 1167 812 1197 leviter
839 1167 953 1197 inflexo

242 1221 345 1248 sensu,
367 1215 415 1241 est
436 1213 526 1251 operis
536 1210 671 1253 formam
691 1219 872 1249 proponere5
894 1219 954 1240 rem

240 1263 291 1283 sen.
320 1260 529 1294 argumentum
545 1253 697 1295 futurum
726 1252 894 1281 delineare·
883 1276 893 1289 ‚
924 1257 954 1282 et

240 1297 383 1326 vectionem
403 1299 556 1327 institueve
576 1297 671 1330 istius,
693 1295 769 1336 qnod-
788 1300 858 1324 esset
879 1305 954 1324 exse-

240 1339 400 1378 quendum.
425 1338 517 1378 οἶμαι
533 1339 616 1369 τοίνυν
627 1338 764 1379 (inquiti
755 1337 867 1367 Noster
879 1338 952 1367 Phi-

238 1382 317 1421 lipp.
342 1383 380 1412 A.
399 1383 425 1422 ᾗ.
454 1382 491 1417 ς’.
519 1383 551 1412 in
567 1382 628 1422 fin.
631 1382 644 1421 )
669 1380 724 1420 ἐγω
746 1381 844 1409 ταῦτα
866 1378 955 1418 λέγειν

241 1423 326 1465 ἔχειν,
343 1428 385 1463 μὴ
402 1425 524 1460 κωλύων,
539 1426 563 1454 εἴ
575 1437 620 1459 τις
634 1424 721 1458 ἄλλος
735 1423 848 1464 (lege’
837 1422 856 1452 οἱ
867 1429 884 1452 λ
894 1429 913 1452 λ
925 1423 953 1464 ο)

242 1466 286 1496 ἐπ
296 1480 315 1496 α
324 1478 344 1505 y
353 1466 416 1506 γὲλ
426 1473 445 1496 λ
456 1478 467 1497 ε
477 1479 523 1497 τα
534 1479 554 1497 ι.
571 1467 670 1497 Unless
679 1475 751 1497 some
765 1475 817 1495 one
833 1465 883 1495 has
898 1477 953 1495 αη-

242 1510 325 1539 othm
331 1511 414 1548 plan.
431 1511 615 1550 Exemplum
628 1514 677 1539 est
694 1509 766 1539 satis
776 1508 931 1538 notabile
923 1519 953 1538 in

242 1552 442 1604 Hermogene
464 1553 588 1583 111.de
610 1553 733 1582 Invent.
755 1551 803 1581 his
827 1551 951 1581 verbis·

241 1606 312 1635 zugon!
327 1594 371 1624 τὸν
384 1595 492 1636 ῥητοξα,
507 1596 529 1625 εἰ
551 1594 605 1634 μὲν
620 1594 778 1625 ἄπατησειν
792 1597 835 1633 μὴ
848 1592 953 1637 μέλλοι

242 1649 306 1671 τους
330 1638 480 1674 δικαστὰς,
502 1640 582 1668 ἀλλὰ
609 1637 775 1689 πληρώσειν
776 1639 824 1667 τὴν
839 1636 850 1666 ἐ
860 1647 909 1666 πα
920 1648 953 1674 γ-

243 1691 280 1717 γε
291 1686 308 1709 λ
317 1680 327 1710 ί
336 1693 355 1710 α
365 1692 376 1710 ν
387 1680 613 1721 καθαρῶς-της
623 1680 737 1720 μνῆμης
747 1678 828 1714 οὔσης
844 1679 956 1709 ἔναυλον

241 1725 293 1757 τῆς
314 1725 394 1754 κατὰ
409 1726 456 1755 ‘riv
476 1733 620 1761 soret-yps
630 1729 649 1751 λ
659 1722 669 1751 ί
677 1734 695 1751 α
705 1732 728 1758 ν,
749 1722 836 1762 μηδὲν
858 1721 956 1759 ψεύδε-

244 1765 318 1796 σθαι
330 1767 424 1801 δοκεῖν,
439 1765 550 1801 ἀλλ’ὡς
562 1765 574 1795 ἐ
585 1777 609 1796 π
619 1777 632 1796 η
643 1777 662 1804 y
670 1777 689 1803 γ
700 1775 710 1794 ε
721 1764 755 1794 ίλ
764 1776 783 1794 α
791 1776 828 1794 το
842 1763 956 1795 τιθέντα

243 1810 291 1840 τὴν
320 1811 498 1840 κατασκευὴν
522 1807 735 1842 οὕτως-δοκεῖν
764 1807 874 1842 δικαίως
901 1807 955 1846 μὲν

242 1850 586 1890 ἐπαγγέλλεσθαι,
608 1849 914 1889 τῆνέπαγγελίαν
928 1850 956 1880 δὲ

242 1894 316 1934 απαξ
335 1894 407 1925 οὐδὲν
429 1892 665 1924 τίθεσθαι-εἶθ’
684 1892 957 1932 οὔτω-ἐξελθόντα

243 1939 292 1968 την
306 1936 318 1966 ἐ
328 1948 379 1968 πα
388 1949 435 1976 γγ
446 1948 457 1967 ε
467 1943 485 1966 λ
495 1937 505 1966 ί
513 1950 531 1967 α
540 1937 642 1967 ν--και
665 1935 734 1970 δ’λως
749 1937 796 1967 τὴν
811 1934 893 1975 τάξιν
906 1948 957 1970 της

243 1978 255 2008 ἐ
269 1979 497 2019 παγγελίας
513 1979 765 2021 συγχέας,ουχὼς
780 1977 954 2016 ἐπηγγεί-

244 2028 262 2050 λ
271 2035 290 2051 α
301 2035 320 2052 τ
329 2035 351 2059 ο,
365 2023 586 2053 κατεσκεύασεν.
613 2024 712 2053 Porro
723 2026 824 2051 autem
842 2020 853 2050 ἒ
866 2032 914 2051 rna
922 2033 956 2059 γ-

242 2076 261 2102 y
272 2064 282 2094 ε’
294 2072 336 2094 λλ
348 2076 387 2095 εσ
397 2064 411 2094 Θ
422 2077 457 2094 αι
479 2065 573 2106 (IV.)
596 2071 642 2095 est
668 2065 783 2099 Petere,
806 2064 872 2093 sive
897 2064 956 2094 Ro-

241 2119 324 2147 gare.
370 2108 518 2137 Dubitare
535 2118 589 2137 nos
615 2118 673 2137 non
694 2107 768 2136 sinit
782 2106 933 2144 Ulpianus
948 2118 954 2135 ε

243 2149 282 2179 Τὸ
308 2151 363 2190 μὲν
388 2149 637 2189 Ἐπαγγέλλεσθαι
664 2150 785 2179 αἰτεῖν
815 2147 956 2188 σημαίνει.

244 2193 367 2224 Rursus
383 2193 453 2223 ille:
471 2192 676 2233 Ἐπαγγελίαν]
694 2191 862 2233 Πρόσταξιν,
878 2191 891 2221 ἢ
907 2193 956 2221 αἴ-

244 2248 285 2267 τη
296 2250 334 2266 σι
345 2248 366 2266 ν.
412 2237 452 2266 Et
467 2246 574 2266 rursus
589 2246 594 2264 :
620 2233 879 2274 Ἐπαγγείλασθαι]
894 2234 956 2264 ἀντὶ

245 2280 294 2308 τοῦ
318 2280 438 2309 ain-»35
449 2291 496 2309 αι.
537 2279 615 2315 Quae
631 2279 751 2308 Glossae
766 2277 956 2315 reperientur

247 2332 350 2352 omnes
367 2322 404 2352 ad
420 2322 496 2351 hanc
520 2321 704 2361 ipsissimam
722 2321 911 2355 Orationem,
926 2320 956 2349 in

246 2375 305 2403 qua
331 2376 499 2395 versamur.
554 2366 594 2394 Et
621 2363 738 2394 notavit
764 2361 887 2397 Suidas,
919 2373 956 2392 eo

246 2418 336 2437 sensu
358 2407 487 2447 reperiri
515 2407 603 2436 istam
622 2417 727 2436 vocem
743 2407 774 2436 in
801 2407 899 2436 Causa
923 2416 956 2435 π.

247 2450 437 2491 ’ω-αραπρεσβ.
480 2450 533 2479 sed
573 2450 671 2479 locum
700 2459 761 2478 non
798 2454 955 2478 memorat.

247 2494 435 2523 Ostendam:
460 2493 485 2533 ἑ.
501 2492 547 2522 νη’.
568 2492 667 2522 ἑστιων
691 2489 891 2541 [Philippus]
908 2492 957 2520 αὐ-

244 2535 428 2576 Teuc—rigna
445 2536 560 2575 Σάτυρον
573 2533 765 2569 τουτονῖ,--·ϊί
781 2534 810 2563 δὴ
821 2532 900 2573 μόνος
916 2534 957 2563 οὐ-

244 2577 271 2608 δε
262 2589 285 2606 Εν
295 2578 345 2608 ἐω-
354 2591 397 2616 αγ
406 2590 425 2616 y
435 2578 445 2608 ε’
455 2585 473 2607 λ
484 2584 501 2606 λ
512 2587 522 2607 ε
533 2588 613 2614 ται,
623 2577 733 2607 curille
741 2577 817 2606 solus
826 2575 958 2615 nihilpn-

244 2621 340 2651 scnlar
341 2622 498 2651 et—sivrei‘v
514 2619 540 2650 δέ
553 2628 626 2660 φασι
639 2619 817 2659 Σάτυρον-ἃ
830 2630 862 2648 αν
874 2618 958 2652 αὐτος

245 2662 255 2692 ἐ
267 2675 367 2702 παγγ
376 2663 405 2694 εί
416 2670 432 2693 λ
443 2676 461 2692 α
472 2675 479 2693 ι
490 2676 509 2692 τ
519 2675 530 2693 ο
543 2661 632 2696 ἧδέως,
647 2661 743 2703 ῥξῖστα
752 2661 806 2700 μέν
817 2660 880 2691 ἐστι
892 2672 918 2690 κ.
928 2673 958 2691 τ.

245 2712 273 2735 λ.
291 2708 329 2736 Et
344 2708 422 2737 forte
438 2707 468 2736 in
484 2717 520 2736 ea
534 2705 754 2745 significatione
770 2709 818 2734 est
831 2715 891 2734 vox
909 2715 957 2733 ac-

244 2749 387 2787 ··ip1enda
396 2760 500 2780 rursus
513 2747 808 2786 inhacOratione,§.
814 2746 855 2777 ιδ.
866 2746 956 2786 infin.

244 2791 294 2821 κὲιν
311 2792 364 2831 ἄρα.
380 2792 477 2823 εἴπητε
497 2803 545 2821 και
562 2789 724 2833 πξοαχθῆτε
742 2791 823 2829 υμεις
841 2789 853 2819 ἐ
864 2800 956 2826 παγ-

245 2845 282 2871 γε
292 2833 301 2864 ί
310 2841 327 2863 λ
337 2846 356 2862 α
365 2834 409 2864 σθ
421 2847 439 2864 α
451 2847 477 2865 ι
495 2840 528 2865 ut
539 2835 658 2873 plenius
669 2832 844 2863 confirmavi
857 2832 894 2862 ad
912 2832 957 2862 lo-

244 2887 313 2907 cum
330 2877 440 2916 ipsum.
478 2879 517 2907 Et
532 2881 679 2917 praeterea
696 2876 738 2906 ita
751 2875 827 2905 sumi
844 2875 957 2905 debere

244 2920 596 2959 existimavitUlpianus
609 2920 638 2949 in
648 2920 695 2950 his
707 2929 828 2958 quoque
841 2918 957 2953 verbis,

244 2964 269 3002 ᾗ.
285 2963 323 2991 ιά.
344 2968 404 3000 post
421 2965 492 2993 med.
512 2963 552 2996 33<
576 2963 603 2992 δέ
626 2975 675 3001 μοι
698 2962 730 2991 τὸ
746 2961 957 3001 προβούλευμα,

243 3004 333 3045 ἲπξὶς
346 3006 391 3035 τὴν
407 3004 474 3045 ἐμὴν
497 3006 572 3036 ἑπτα
585 3017 631 3043 γγ
642 3016 652 3035 ε
663 3012 680 3034 λ
691 3003 725 3035 ία
735 3016 745 3035 ν
763 3004 925 3044 ἐψηφίσατο
943 3006 955 3033 i.

739 201 1181 244 ὙΠΟΘΕΣΙΣ

986 312 1081 348 Eoum,
1097 324 1166 343 cum
1189 313 1405 352 interpretatur
1427 311 1598 351 πρόσταξιν,
1617 312 1630 342 ἢ
1653 314 1696 342 αἵ·

986 367 1074 386 τησιν.
1122 357 1167 386 [bi
1186 361 1284 385 tamen
1300 354 1413 385 rectius
1436 354 1553 384 scribas
1570 356 1588 382 ἆ,
1599 367 1622 385 π
1635 367 1695 392 αγ-

986 409 1027 436 γε
1039 398 1131 434 λίαν,
1148 403 1181 428 ut
1204 398 1318 438 pariter
1344 397 1418 427 mihi
1442 397 1612 426 confirmas
1604 408 1634 427 :e
1651 398 1695 427 vi-

987 442 1070 471 deor.
1094 442 1211 471 Ultimo
1228 441 1359 479 denique
1374 440 1427 480 (V.
1431 438 1472 479 )’
1463 450 1473 468 ε
1486 451 1621 478 ωαγγε
1632 440 1695 469 λία

988 489 1035 513 est
1051 485 1118 513 Vox
1138 484 1294 515 Juridica:
1313 480 1503 522 Δοκιμασίαν,
1525 483 1623 521 inquit
1641 483 1696 513 AE·

988 526 1148 556 schinesc.
1160 527 1310 556 Timarch.
1320 536 1390 565 pag.
1401 527 1453 555 56.
1468 528 1518 555 12.
1535 525 1585 554 Ed.
1599 525 1696 555 Reisk.

988 567 1268 607 ἐπαγγειλάτω
1296 567 1439 599 Ἀθηναίων
1473 569 1485 597 ὁ
1523 567 1696 606 Βουλόμενος.

988 611 1135 642 Plurimis
1154 612 1300 650 exposuit
1327 611 1467 649 Scriptor
1490 611 1631 640 eruditus
1658 612 1696 641 ad

988 654 1051 683 LL.
1067 654 1186 684 Atticas
1204 655 1270 684 Lib.
1290 655 1351 684 111.
1366 654 1430 683 Tit.
1447 654 1510 683 ΙΙΙ.
1554 654 1615 683 Sed
1638 654 1697 684 hoc

989 701 1077 727 extra
1092 698 1185 727 oleas.
1229 698 1296 727 Jarn
1321 696 1347 725 si
1371 697 1435 726 haec
1460 697 1536 726 adeo
1551 696 1697 726 distincta

987 739 1057 775 sint,
1068 740 1098 769 in
1108 751 1162 770 suo
1170 740 1405 778 unumquodque
1416 738 1598 777 significatu,
1611 739 1697 778 quid,

986 781 1104 821 inquiet
1130 782 1248 821 aliquis.
1292 783 1337 811 Te
1363 782 1511 811 monitore
1533 792 1612 820 opus
1628 783 1696 812 est?

987 825 1046 854 Vel
1069 835 1172 856 coecus
1198 824 1320 859 viderit,
1340 824 1392 854 ubi
1415 824 1463 853 τοῦ
1489 822 1699 862 Ἀπαγγέλλειν

988 867 1074 897 locus
1091 868 1143 902 sit,
1157 873 1187 897 et
1199 867 1252 897 ubi
1267 868 1316 896 τοῦ
1326 865 1531 904 Ἐπαγγὲλλειν
1547 867 1698 897 vicissim.

989 909 1050 941 Cui
1067 911 1152 950 Ego:
1169 911 1271 945 Mane,
1292 910 1425 948 inquam,
1439 910 1572 938 nondum
1596 920 1632 939 ea
1646 920 1697 940 res

988 957 1142 983 transacta
1154 959 1202 983 est
1218 958 1250 983 et
1266 952 1422 991 expedita.
1462 952 1586 982 Accidit
1602 952 1695 989 enim,

990 1001 1022 1025 ut
1051 995 1216 1026 AEschines
1246 996 1277 1025 in
1298 995 1505 1024 renuncianda
1532 995 1697 1034 legatione,

988 1048 1048 1077 qua
1069 1039 1190 1068 functus
1213 1042 1269 1073 est,
1294 1038 1366 1067 dum
1390 1037 1630 1075 ἀπήγγειλεν
1652 1048 1698 1074 ea,

988 1091 1055 1120 quae
1081 1085 1229 1120 gesserat,
1255 1080 1394 1119 Philippi
1423 1090 1544 1119 quoque
1577 1081 1698 1111 nomine

986 1124 1149 1162 sponderet,
1159 1124 1406 1163 polliceretmque,
1415 1121 1442 1162 (ἐ
1451 1133 1495 1153 πη
1503 1121 1565 1162 γγὲ
1574 1129 1635 1153 λλε
1643 1123 1697 1164 το)

988 1176 1056 1204 quae
1083 1167 1135 1196 ille
1164 1166 1242 1197 alter
1270 1171 1335 1195 erat
1360 1165 1562 1205 praestiturus.
1606 1167 1698 1197 Unde

988 1210 1101 1238 factum
1129 1213 1198 1244 est‚'
1215 1214 1248 1238 ut
1276 1219 1335 1237 non
1363 1209 1460 1237 solum
1484 1215 1698 1239 enascerentur

988 1251 1055 1280 istae
1070 1252 1180 1287 tnrbae,
1197 1261 1270 1290 quas
1285 1251 1315 1280 in
1331 1250 1418 1280 initio
1430 1251 1519 1288 hujus
1531 1251 1623 1280 Notae
1635 1262 1698 1281 me-

988 1294 1117 1328 moravi,
1133 1304 1179 1323 ex
1198 1293 1398 1323 similitudine
1413 1293 1521 1322 harum
1537 1304 1647 1323 vocum
1667 1294 1699 1324 in

988 1337 1081 1366 MSS.
1099 1347 1204 1367 verum
1229 1336 1319 1366 etiam
1339 1336 1504 1375 aliquando
1517 1341 1600 1366 esset
1620 1337 1698 1366 diffi-

988 1379 1059 1415 cile,
1075 1380 1126 1409 vel
1143 1385 1259 1409 summo
1274 1379 1390 1408 homini
1405 1382 1436 1408 et
1448 1379 1635 1415 acutissimo,
1651 1379 1699 1409 di-

984 1422 1136 1461 judicare,
1151 1427 1248 1452 utram
1267 1422 1435 1462 postularet
1452 1422 1514 1451 loci
1536 1423 1696 1452 sententia.

989 1465 1085 1494 Verbi
1101 1465 1209 1503 gratia,
1221 1475 1290 1494 cum
1304 1464 1334 1493 iu
1347 1464 1372 1504 ᾗ.
1391 1463 1434 1493 ιΘ’.
1449 1464 1582 1494 dicitur:
1607 1465 1629 1494 οἱ
1643 1464 1699 1504 μὲν

989 1509 1100 1542 Φωκεῖς,
1111 1508 1238 1542 ‹bg—*riv
1250 1509 1268 1536 ἀ
1278 1518 1301 1537 π
1310 1519 1328 1535 α
1336 1518 1381 1544 γγ
1389 1516 1400 1535 ε
1411 1506 1491 1536 λίαν
1504 1506 1635 1537 ἐπύθοντο
1650 1510 1698 1539 τὴν

987 1550 1097 1584 τούτου,
1122 1549 1171 1579 καὶ
1199 1552 1254 1584 τὰς
1280 1547 1612 1590 &nexem—Ecquis
1641 1556 1699 1586 est,

988 1592 1040 1631 qui
1056 1593 1131 1622 hanc
1154 1593 1317 1622 lectionem
1335 1596 1507 1622 asserturus
1525 1597 1572 1622 est
1594 1598 1699 1623 contra

988 1636 1175 1665 membranas
1204 1636 1281 1664 Ven.
1316 1639 1348 1664 et
1382 1634 1472 1664 Harl.
1502 1640 1608 1665 contra
1636 1636 1699 1666 Im-

987 1688 1159 1716 pressores,
1182 1678 1295 1708 Aldum
1317 1682 1349 1706 et
1371 1678 1546 1713 Morelium,
1570 1688 1699 1717 quorum

988 1725 1117 1760 uterque
1142 1721 1268 1751 excudit
1291 1719 1560 1758 ἐωαγγελίανὲ
1605 1722 1698 1760 Quod

989 1773 1028 1794 ex
1044 1763 1095 1800 iis,
1111 1774 1177 1803 quae
1194 1763 1274 1799 dixi,
1291 1773 1376 1801 aeque
1392 1764 1552 1794 commode
1568 1764 1699 1804 intelligi

987 1809 1106 1845 potest:
1139 1807 1279 1845 quoniam
1304 1806 1357 1835 isti
1382 1806 1621 1836 Renunciationi
1644 1808 1700 1837 AE·

989 1849 1102 1879 schinis
1125 1849 1242 1879 inerant
1265 1859 1386 1888 quoque
1409 1849 1547 1888 quaedam
1572 1849 1699 1880 Pollici-

988 1892 1129 1922 tationes.
1175 1893 1225 1922 Ita
1254 1892 1437 1931 quandoque
1474 1894 1699 1941 conjunguntur

989 1934 1000 1965 ἓ
1013 1946 1036 1965 π
1049 1934 1215 1974 αγγελία
1238 1939 1269 1964 et
1285 1934 1513 1988 ὑπόσχεσις,
1530 1935 1605 1964 utin
1628 1936 1699 1965 loco

989 1988 1050 2018 prae
1073 1979 1230 2008 manibus:
1254 1977 1320 2008 ἔστι
1343 1976 1371 2007 δὲ
1362 1989 1445 2008 ς--ου
1467 1978 1608 2016 μάλιστα
1620 1977 1700 2008 ἀντέ-

988 2031 1089 2062 χεται,
1106 2022 1119 2051 ἦ
1136 2019 1366 2058 ἐπαγγελία,
1382 2031 1429 2049 και
1447 2021 1460 2049 ἦ
1478 2019 1702 2060 ὑποσχεσις

990 2063 1132 2104 Αἰσχίνου.
1179 2065 1219 2093 Et
1234 2061 1436 2102 similiter§.'
1426 2075 1446 2091 ι.
1465 2069 1533 2092 ante
1548 2064 1623 2092 med.
1644 2064 1699 2093 hu-

985 2107 1074 2144 jusce
1091 2106 1260 2135 Orationis:
1277 2115 1453 2144 μεμνημενοι
1467 2117 1521 2139 τας
1535 2105 1580 2135 ὑπ
1590 2117 1601 2134 ο
1605 2117 1699 2157 σχε-

989 2148 1153 2181 σεις-και
1169 2146 1475 2185 τὴνεωαγγελίαν.
1488 2146 1700 2187 Ut§.vy‘.‘rezi‘4·

990 2190 1220 2231 ὑποσχέσεσι
1233 2188 1700 2230 καὶτοῖςέπαγγέλμασιτοῖς

990 2233 1089 2263 τούτου
1104 2232 1341 2272 καταληφθέντας
1353 2232 1430 2262 τότε.
1447 2234 1496 2262 Ita
1510 2233 1601 2263 etiam
1616 2239 1699 2263 recte

990 2277 1132 2314 conjungi
1156 2286 1247 2314 posse
1269 2276 1422 2310 videntur,
1445 2274 1476 2304 Ἀ
1487 2286 1519 2305 w
1530 2285 1620 2314 αγγε
1630 2281 1649 2304 λ
1662 2276 1698 2305 {a

990 2323 1021 2348 et
1034 2318 1231 2359 ’Ύπὸσχεσιςε
1256 2323 1289 2348 ut
1310 2323 1443 2349 exeunte
1459 2319 1522 2348 fere
1539 2319 1697 2355 Oratione,

990 2361 1015 2400 ᾗ.
1031 2361 1072 2399 ς’.
1098 2363 1130 2391 z'n
1146 2362 1208 2413 fin.
1235 2358 1307 2390 οἷτοι
1334 2360 1361 2390 δέ
1385 2373 1506 2390 τοιαυτα
1529 2362 1698 2400 ἀπαγγε-

991 2406 1098 2434 λῦυσί
1129 2415 1184 2444 πάρ
1214 2405 1300 2443 ἡμων,
1317 2415 1364 2433 καί
1394 2414 1698 2456 υωθσχηᾘσονταί

991 2447 1136 2485 Legimus
1163 2447 1255 2476 etiam
1278 2447 1303 2487 ξ.
1320 2445 1360 2475 κέ.
1386 2447 1498 2476 πάντων
1521 2448 1574 2475 τῶν
1589 2456 1698 2492 πεπρα-

990 2489 1097 2529 γμὲνων
1132 2489 1289 2524 ἐκστάντα,
1327 2501 1361 2518 ων
1391 2488 1634 2526 ἀπήγγειλεν,
1662 2492 1700 2519 ὠν

992 2533 1037 2562 ὑπ
1056 2531 1151 2573 ἔσχε
1163 2544 1213 2566 το,
1230 2532 1515 2562 caetera.Statue1·e
1530 2531 1624 2569 igitur
1640 2542 1698 2561 non

991 2586 1112 2614 semper
1128 2575 1186 2605 erit
1198 2575 1385 2609 facillimum,
1401 2574 1449 2614 (id
1463 2573 1540 2603 enim
1558 2575 1700 2613 agebam)

991 2628 1119 2656 quonam
1147 2618 1238 2647 modo
1265 2617 1458 2647 scribendum
1481 2616 1581 2645 suerit.
1629 2618 1698 2646 Duo

990 2660 1160 2699 insigniora
1186 2660 1253 2689 loca
1275 2660 1434 2698 proferam.
1485 2658 1606 2688 Dicitur
1622 2660 1647 2699 ᾗ.
1664 2658 1698 2699 ζ’.

990 2704 1020 2732 in
1034 2703 1096 2742 fin.
1112 2702 1176 2732 aava
1199 2705 1252 2731 τῶν
1274 2702 1388 2741 vrgia-mv
1403 2699 1564 2730 ἐλπίδων
1587 2700 1700 2736 ἐκείνων,

988 2757 1024 2775 ων
1049 2745 1060 2774 ὁ
1086 2747 1238 2783 Κτησιφῶν
1259 2744 1306 2775 καὶ
1333 2743 1561 2783 ὁἈςιστόδημος
1582 2744 1698 2782 ἀπήγ-

990 2795 1076 2825 γειλ
1089 2800 1129 2817 αν
1150 2787 1215 2828 πρὸς
1242 2788 1329 2827 ὑμᾶς.
1374 2787 1559 2816 Duriuscule
1576 2787 1698 2825 quidem

990 2831 1073 2870 Spem
1102 2830 1210 2869 aliquis
1237 2830 1413 2859 renunciare
1437 2839 1527 2869 posse
1558 2830 1698 2859 videtur:

990 2873 1220 2904 Renunciamus
1244 2873 1322 2902 enim
1347 2882 1393 2908 ea,
1420 2882 1487 2911 quae
1510 2877 1595 2913 gesta
1618 2878 1699 2908 sunt,

991 2927 1046 2946 non
1073 2926 1117 2951 ea,
1137 2926 1204 2955 quae
1230 2919 1365 2945 ventura.
1410 2916 1533 2945 Interea
1555 2913 1699 2954 ἐπαγγέλ-

991 2966 1055 2995 λειν,
1072 2969 1147 2998 spem
1169 2958 1310 2997 polliceri,
1326 2958 1473 2996 spondere,
1489 2962 1540 2988 aut
1560 2958 1700 2987 mentibus

989 3003 1157 3033 auditorum
1182 3001 1330 3041 subjicere,
1353 3001 1444 3040 paulo
1469 3005 1550 3032 esset
1573 3001 1694 3039 elegan-
