1928 3284
670 217 1129 261 PROLEGOMENA.
1579 226 1626 262 13

170 327 260 362 lium
272 329 328 364 est
352 325 523 363 inanitus.
542 323 679 370 Pergo)
694 333 827 361 ruine
836 333 937 366 ειιο,
950 332 1283 360 εοιιιιιιιοΡΗοιιιο.
1303 324 1534 370 Quacunque
1547 337 1630 360 vero

168 385 208 418 in
232 384 331 419 Anni
356 385 459 437 prta
484 381 638 417 Menses
662 381 720 415 isti
744 381 981 421 collocentur,
1004 380 1092 414 licet
1115 380 1160 413 dc
1185 389 1230 413 ea
1246 389 1285 413 rc
1302 379 1402 414 nulla
1417 381 1464 414 sit
1480 381 1634 414 Contro-

171 439 298 478 versia,
314 440 468 478 constat,
482 447 566 472 eum
580 447 659 471 esse
676 436 838 470 ordinem
855 439 893 470 et
910 435 1219 479 consequentiam,
1229 445 1339 480 quam
1355 435 1472 480 posui.
1513 435 1585 476 Qui
1598 436 1633 469 in

171 494 250 528 aliis
281 491 514 531 dissentiunt.
545 492 580 526 in
606 502 651 526 eo
675 491 912 525 concordant.
962 490 1100 532 Quidni
1123 489 1223 524 enim
1247 500 1321 524 non
1346 490 1636 524 concordarent?

168 547 256 583 Jam
273 551 409 588 sutem,
431 548 459 581 si
478 547 670 581 AEschines
695 546 791 580 diem
815 546 911 581 dixit
929 545 1169 590 Ctesiphonti‚
1188 556 1313 580 mense
1338 545 1635 589 Elaphebolione,

168 611 279 647 quem
303 603 459 647 putassis
477 602 713 637 Februarium
730 612 822 642 esse,
839 601 936 635 Anni
960 600 1046 635 CX.
1060 604 1095 636 3.
1116 601 1190 635 sive
1216 602 1390 636 Praeturae
1408 600 1611 635 Charondae
1626 614 1634 640 ;

169 657 304 692 dixerit
320 667 419 698 vero,
435 657 535 702 quod
552 657 751 691 Decretum
768 656 814 690 de
834 655 1080 691 Demosthene
1101 658 1165 691 sto
1188 655 1319 690 abhinc
1343 666 1478 697 mense,
1497 656 1636 699 Pyane-

167 712 309 757 psione,
319 713 526 758 Septembri
537 711 613 747 scil.
626 714 814 756 rogaverat
826 725 834 752 ς
848 711 925 756 jam
941 713 1063 745 autem
1078 711 1276 746 Decretum
1287 711 1376 746 illud
1390 710 1637 754 Ctesiphontis

169 767 300 802 merita
318 766 576 802 Demosthenis
594 768 631 801 in
647 767 759 801 mun's
783 766 986 801 reficiendis
1012 769 1265 801 recensuerat:
1295 767 1395 801 unde
1420 766 1531 811 possit
1548 765 1637 804 ficri.

169 832 247 868 qua
270 822 447 857 Machina
464 824 528 856 aut
547 821 745 863 Industria,
762 832 835 866 qua
853 821 1118 865 chronologica
1138 823 1267 867 peritia
1292 825 1354 856 aut
1370 821 1522 855 artificio
1545 821 1636 855 illud

170 886 260 912 mox
284 877 561 922 explicabimus,
583 877 684 922 quod
707 876 949 920 Thargelione
974 877 1127 912 demum
1154 887 1292 918 mense,
1316 877 1379 921 qui
1409 877 1448 910 in
1473 875 1637 918 ejusdcm

169 932 272 967 Anni
287 932 364 967 sive
382 934 556 968 Praeturae
572 933 752 968 Ανκιιειι
773 932 1011 974 desinentem,
1026 934 1086 968 vel
1109 934 1219 969 etiam
1240 943 1321 968 mu
1341 934 1483 967 initium
1500 932 1639 970 incidit,

169 986 239 1022 ista
250 987 402 1023 Curatio
419 998 606 1022 murorum
622 987 904 1023 reficiendorum
926 988 999 1023 fieri
1023 991 1149 1034 coepta
1170 990 1241 1023 sit?
1273 988 1464 1024 AEschines
1480 987 1575 1021 enim
1602 987 1639 1020 in

170 1041 241 1077 hnc
257 1042 444 1086 Oratione,
460 1055 544 1089 pag.
559 1047 642 1080 376.
660 1044 782 1079 verbis
798 1044 943 1089 apertis,
958 1047 1013 1079 ἐπὶ
1031 1046 1225 1090 Χαιρώνδου
1241 1048 1422 1089 ἄρχοντος,
1446 1046 1642 1088 Θαργηλιῶ-

170 1110 233 1137 νος
250 1101 359 1142 μηνὸς
374 1099 508 1144 δευτέρᾳ
531 1101 722 1143 φθίνοντος,
747 1101 923 1141 ἐκκλησίας
947 1102 1062 1142 οὔσης,
1088 1102 1210 1145 ἔργαψε
1234 1102 1387 1144 ψήφισμα
1413 1100 1640 1144 Δημοσθένης,

167 1152 302 1197 α’γορὰν
318 1158 461 1195 ποιῆσαι
476 1159 545 1188 τῶν
561 1157 688 1198 φυλῶν,
705 1155 986 1199 Σκιῤῥοφοριῶνος
1003 1156 1136 1200 δευτέρᾳ
1153 1156 1344 1199 ἱσταμένου,
1361 1157 1415 1188 καὶ
1429 1155 1641 1199 τρίτῃ-ἑλέ-

170 1210 254 1241 σθαι
269 1210 348 1248 τοὺς
363 1210 667 1253 ἐπιμελησομένους
683 1214 753 1243 τῶν
769 1211 875 1253 ἔργων
898 1212 954 1243 ἐπὶ
978 1213 1021 1244 τὰ
1042 1212 1150 1254 τείχη.
1201 1209 1303 1244 Ecce
1328 1209 1464 1244 nodum
1493 1220 1563 1243 nou
1583 1219 1640 1243 mc

173 1262 295 1305 Davo,
312 1264 377 1298 sed
393 1264 580 1309 OEdipode
598 1265 771 1309 quopiam
788 1264 1042 1307 dignissimum
1058 1266 1067 1300 !

223 1317 371 1352 Interea
388 1321 508 1353 tamen
526 1319 686 1363 Scriptor
702 1322 758 1353 est
779 1329 957 1363 perquam
975 1319 1153 1360 eruditus,
1173 1321 1211 1354 et
1228 1319 1481 1363 Chronologiae
1506 1318 1641 1353 Attica>

173 1372 426 1416 peritissimus,
450 1374 514 1418 qni
538 1374 584 1406 ad
610 1373 672 1406 has
689 1375 904 1418 ceterasque
921 1374 1100 1417 ejusmodi
1117 1374 1238 1418 spinas
1254 1384 1302 1407 ex
1327 1373 1382 1408 his
1408 1373 1644 1407 Orationibus

172 1426 383 1460 evellendas
399 1427 528 1460 sedulo
545 1437 584 1460 se
600 1427 771 1471 accingit.
819 1426 857 1460 Is
873 1430 929 1460 est
944 1428 1104 1472 optimus
1120 1432 1156 1461 et
1172 1427 1429 1462 celeberrimus
1450 1427 1643 1461 Edoardus

177 1480 363 1515 Coruinius
379 1480 421 1515 in
437 1481 556 1515 Fastis
572 1481 719 1515 Atticis.
770 1480 888 1524 Cujus
916 1492 999 1516 cum
1026 1483 1225 1526 ingenium,
1245 1482 1439 1525 judicium,
1465 1481 1647 1525 diligenti-

175 1546 307 1580 amque
322 1537 374 1570 ita
389 1536 551 1577 laudem,
572 1538 614 1569 ut
631 1535 722 1569 nihil
744 1545 817 1569 non
841 1545 951 1580 paene
977 1538 1010 1570 ei
1032 1538 1235 1579 detulerim,
1258 1540 1339 1571 tum
1363 1537 1541 1580 insignem
1566 1536 1645 1580 ejus

175 1589 440 1625 humanitatem
455 1591 506 1624 ita
521 1600 668 1635 quoque
683 1600 763 1623 sum
775 1594 960 1633 expertus,
978 1593 1019 1623 ut
1035 1601 1119 1625 eum
1137 1601 1210 1625 non
1223 1602 1320 1634 aegre
1336 1591 1496 1625 laturum
1513 1591 1646 1625 intelli-

174 1656 272 1691 gam,
293 1646 323 1680 si
339 1646 386 1680 ab
402 1646 481 1690 ejus
498 1645 717 1690 Hypothesi‚
737 1645 940 1679 rationibus
957 1645 1088 1687 victus,
1111 1646 1310 1681 discedam.
1361 1646 1561 1681 Contendit
1578 1646 1645 1680 Vir

174 1701 418 1743 doctissimus,
433 1700 639 1736 institutam
651 1710 732 1736 esse
748 1700 794 1734 ab
812 1700 986 1735 AEschine
1004 1701 1096 1735 hanc
1114 1702 1212 1736 litem
1224 1712 1257 1736 c.
1270 1701 1543 1747 Ctesiphontem
1559 1705 1644 1736 anto

175 1757 378 1792 Praeturam
394 1756 623 1797 Chaerondoe,
640 1755 806 1800 adeoque
833 1759 1031 1800 antequam
1056 1756 1100 1790 ad
1120 1756 1357 1791 Chaeroneam
1383 1761 1479 1791 esset
1503 1767 1644 1800 pugna-

175 1815 268 1847 tum.
317 1811 530 1847 Meminerit
555 1811 703 1853 Lector,
726 1811 824 1845 illius
848 1811 1049 1845 Praeturam
1074 1811 1245 1845 incidisse
1271 1812 1307 1845 in
1325 1812 1473 1856 Olymp.
1501 1812 1586 1846 CX.
1606 1814 1642 1845 3.

175 1876 345 1901 cxorsam
369 1866 520 1910 quidem
537 1877 558 1899 a
573 1876 698 1900 mense
717 1865 1044 1905 Hecatombaeone‚
1061 1866 1278 1910 clademque
1296 1866 1395 1900 illam
1422 1866 1646 1900 Chaeronen-

177 1931 256 1956 sem
271 1921 466 1964 contigisse
492 1921 596 1954 istius
615 1918 857 1962 Magistratus
875 1929 999 1953 mense
1017 1919 1299 1964 Metagitnione.
1326 1920 1464 1954 Verum
1483 1923 1548 1954 est.
1577 1921 1646 1953 Γα-

176 1979 268 2011 teor.
293 1975 552 2020 Magistratum
567 1974 660 2015 iniit,
674 1978 717 2008 ut
732 1974 821 2008 inire
838 1974 1003 2008 solebant
1020 1974 1187 2016 Athenis,
1205 1975 1362 2009 mediam
1378 1975 1522 2009 circiter
1537 1979 1646 2009 atsta-

177 2034 264 2073 tem,
279 2031 357 2066 sive
371 2041 495 2065 mense
511 2039 623 2075 quem
638 2039 704 2063 nos
720 2028 867 2063 Junium
887 2039 1082 2063 vocamus:
1107 2029 1320 2064 dimicatum
1331 2033 1387 2063 est
1401 2033 1524 2063 autem
1541 2029 1647 2064 Cha·-

177 2096 314 2128 roneae,
331 2086 488 2131 proximi
505 2084 640 2120 mensis
657 2083 935 2127 Metagitnionis
952 2084 1032 2118 scil.
1051 2084 1111 2118 die
1127 2084 1260 2119 Vllum.
1309 2085 1369 2119 Ita
1394 2085 1489 2118 enim
1507 2085 1648 2118 Plutar-

177 2141 283 2182 chin,
297 2141 333 2175 in
350 2141 504 2176 Camillo
515 2150 599 2185 pag.
616 2142 698 2174 305.
713 2141 800 2172 tom.
820 2138 850 2173 Ῑ.
876 2139 1074 2172 ’Λνάπαλιν
1090 2139 1118 2172 δ’
1134 2141 1151 2172 ὁ
1172 2140 1434 2183 Μεταγειτνιών,
1450 2143 1491 2172 ὃν
1513 2143 1645 2173 Βοιωτοὶ

180 2197 340 2240 Πάνεμον
355 2196 706 2236 καλοῦσιν,”Βλλησιν
721 2196 780 2227 οὐκ
797 2195 938 2237 εὐμενὴς
955 2194 1084 2237 γέγονε.
1122 2196 1250 2228 Τούτου
1267 2197 1330 2239 γὰρ
1347 2199 1405 2228 τοῦ
1423 2198 1530 2238 μηνὸς
1552 2196 1647 2236 ⁶¹33&-

177 2265 225 2297 py
239 2253 295 2285 καὶ
310 2253 377 2293 τὴν
391 2252 429 2284 ἐν
451 2253 610 2293 Κρανῶνι
625 2249 744 2293 μάχην
761 2249 965 2288 ἠττηὸέντες
982 2250 1038 2282 ὑπ’
1064 2250 1294 2294 Ἀντιπάτρου
1311 2250 1429 2289 τελέως
1451 2249 1648 2288 ἀπώλοντο,

180 2309 235 2341 καὶ
261 2309 424 2350 πρότερον
449 2307 485 2339 ἐν
511 2306 694 2349 Χαιρωνείᾳ
719 2307 906 2349 μαχόμενοι
930 2307 1014 2349 πρὸς
1039 2307 1214 2339 Φίλιππον
1240 2306 1433 2348 ἠτύχησαν.
1484 2304 1648 2349 Ideoque

180 2361 305 2396 scribit
321 2360 389 2395 Vir
404 2359 643 2400 doctissimus,
655 2359 684 2393 si
698 2359 816 2394 dicam
832 2360 924 2394 hanc
939 2360 1079 2404 scripsit
1093 2359 1286 2395 AEschines
1303 2370 1427 2394 mense
1447 2359 1649 2403 Elaphebo-

180 2417 288 2456 lione,
306 2414 502 2450 Februario
519 2419 619 2459 puta,
635 2418 718 2448 anto
736 2415 905 2459 proelium
925 2414 1182 2455 chaeronense,
1199 2415 1305 2460 cique
1322 2415 1551 2455 Chaerondoe,
1570 2415 1645 2448 sivo

182 2470 424 2512 Charonidoe,
442 2480 575 2505 nomen
592 2469 786 2514 inscripsit,
809 2480 883 2504 non
902 2470 1021 2514 potuit
1045 2480 1123 2504 esse
1149 2470 1208 2504 illo
1233 2470 1474 2514 Magistratus
1494 2480 1649 2508 annuus,

182 2528 246 2572 qni
264 2525 426 2570 suscepit
448 2535 581 2559 munus
606 2535 712 2559 suum
738 2526 837 2559 circa
859 2524 1004 2559 Junium
1029 2525 1194 2570 proxime
1213 2530 1438 2570 sequentem.
1490 2523 1649 2559 Proinde

180 2581 428 2625 Ctesiphontis
452 2579 664 2621 Decretum,
681 2590 915 2625 quocumque
937 2590 1072 2622 mense,
1089 2591 1321 2626 quacumque
1339 2581 1504 2615 1’rwtura
1522 2581 1650 2622 lutum,

180 2638 280 2683 prins
295 2637 341 2670 sit
357 2645 505 2670 necesse
520 2639 577 2669 est
592 2634 662 2669 ista
679 2636 835 2670 Actione
852 2634 1047 2678 AEschinis,
1071 2647 1143 2680 qua
1163 2636 1367 2680 impetitum
1394 2638 1460 2674 cst,
1487 2638 1523 2668 ct
1541 2634 1648 2675 Dies,

182 2702 269 2738 qum
285 2691 518 2726 scribebatur.
570 2690 714 2724 Deinde
739 2690 886 2725 decreto
910 2689 981 2724 isto
1006 2690 1252 2735 Ctesiphontis
1274 2701 1385 2735 quum
1412 2690 1511 2733 prius
1535 2691 1645 2724 etiam

180 2746 287 2783 t'uerit
305 2746 504 2780 Decretum
521 2745 620 2780 aliud
640 2745 849 2787 Aristonici,
870 2744 916 2778 de
934 2745 1066 2779 Coron.
1081 2749 1109 2788 §.
1134 2746 1197 2780 urs-⁰.
1225 2746 1323 2790 qnod
1349 2744 1510 2778 similiter
1534 2744 1593 2778 illc
1612 2746 1649 2779 in

182 2802 334 2846 gratiam
364 2800 619 2835 Demosthenis
645 2799 742 2841 tulit,
764 2799 1009 2845 (praecessisse
1038 2804 1161 2835 autem
1189 2802 1264 2845 ipse
1291 2799 1556 2833 Demosthenes
1576 2810 1647 2834 non

183 2857 295 2891 semel
311 2856 486 2896 adfirmat,
503 2856 531 2901 ξ.
548 2856 612 2890 ις’.
628 2859 666 2890 et
681 2856 707 2900 §.
724 2855 798 2898 ts.)
812 2856 919 2900 plane
934 2859 1089 2896 constat,
1107 2855 1349 2889 Chaerondam
1367 2854 1442 2887 sive
1461 2854 1648 2888 Chaeroni-

186 2911 283 2952 dam,
297 2911 334 2945 in
351 2911 411 2945 illo
427 2911 621 2945 Aristonici
642 2910 799 2944 Decreto
816 2910 1050 2955 adscriptum,
1067 2911 1177 2944 alium
1196 2910 1304 2944 fuisse
1328 2913 1365 2943 ct
1389 2910 1540 2953 priorem
1559 2921 1647 2953 quo·

185 2975 260 3011 quo
274 2964 542 3008 Magistratum,
557 2976 600 3000 ac
616 2965 729 3005 illum,
743 2965 806 3010 qui
819 2964 1006 2998 obtinebat
1022 2965 1221 2998 l’rmturam
1236 2965 1382 2998 demum
1399 2964 1543 3009 (llymp.
1560 2965 1588 2995 (ἴ
1598 2965 1645 2998 Χ.

185 3024 222 3057 ³·
271 3019 394 3055 Multo
409 3020 530 3056 minus
545 3018 645 3056 idem
669 3020 909 3066 Magistratus
927 3020 1047 3065 potuit
1063 3030 1155 3063 csse,
1171 3018 1277 3063 cujus
1294 3019 1332 3054 in
1350 3019 1524 3061 l’raetnra,
1540 3021 1578 3053 ut
1598 3020 1647 3052 ait
