1928 3284
255 214 362 265 362
682 223 841 264 FRID.
871 223 1010 263 AUG.
1045 221 1263 262 WOLFII

260 347 348 385 quae
373 332 547 384 pluribus
579 331 616 367 in
650 330 745 368 locis
782 342 914 380 sparsa
944 330 1135 381 leguntur,
1167 336 1354 381 tanquam
1385 331 1500 369 verba
1521 331 1706 382 Leptinis.

259 395 374 434 Unde
395 393 575 438 efficitur,
598 393 628 430 si
650 391 768 430 modo
787 392 836 429 ab
865 392 1032 431 Oratore
1062 392 1155 430 nihil
1174 392 1356 430 omissum
1386 398 1458 438 est,
1479 400 1708 444 conceptam

256 459 380 508 legem
402 456 519 493 fuisse
541 455 646 492 hisce
665 453 791 491 verbis
806 457 825 489 :i

323 519 514 565 Λεπτίνης
548 516 660 555 εἶπεν
695 516 793 558 ὅπως
825 517 873 554 ἂν
907 515 940 552 οἱ
972 519 1241 555 πλουσιώτατοι
1278 520 1533 569 λειτουργῶσι,
1571 515 1712 565 μηδένα

258 583 372 626 α’τελῆ
399 579 507 625 εἶναι,
527 583 615 629 μήτε
646 584 716 615 τῶν
744 579 920 622 πολιτῶν,
948 579 1037 628 μήτε
1062 581 1133 616 τῶν
1165 581 1351 624 ἰσοτελῶν,
1381 580 1472 629 μήτε
1498 584 1571 615 τῶν
1588 578 1712 623 ξένων,

257 645 386 685 ἁπλῶς
414 641 568 692 μηδένα,
607 641 705 684 πλὴν
733 645 804 677 τῶν
825 639 884 688 ἀφ’
908 639 1103 689 Ἀρμοδίου
1132 642 1191 678 καὶ
1207 642 1538 689 Ἀριστογείτονος·
1559 638 1651 689 μηδὲ
1671 637 1711 675 τὸ

257 704 390 743 λοιπὸν
409 703 538 748 ἐξεῖναι
558 703 607 752 τῷ
627 700 736 751 Δὴμῳ
762 698 951 745 αἱτηὲέντι
968 702 1033 744 τὴν
1048 702 1222 739 α’τέλειαν
1248 701 1388 739 δοῦναι.
1428 700 1504 743 “Oe
1533 701 1560 738 δ’
1580 702 1628 738 ἂν
1653 702 1713 736 αἶ-

258 767 362 819 τὴσῃ,
378 766 507 815 ἄτιμος
523 761 627 807 ἔστω,
649 764 708 798 καὶ
727 763 749 806 ἡ
768 764 876 799 οὐσία
897 763 1007 799 αὑτοῦ
1028 761 1201 813 δημοσία,
1221 762 1389 800 ἔστωσαν
1411 761 1446 799 δὲ
1471 762 1530 798 καὶ
1548 761 1713 808 ἐνδείξεις

261 827 322 862 καὶ
342 825 566 874 α’παγωγαὶ·
587 824 656 861 {civ
686 822 721 860 δὲ
751 824 845 874 ἁλῷ,
872 821 1003 873 ἔνοχος
1034 822 1126 861 ἔστω
1148 827 1196 875 τῷ
1215 825 1327 876 νόμῳ,
1350 824 1391 866 ὃς
1419 828 1547 868 κεῖται,
1567 823 1636 860 ἕοίν
1656 840 1711 866 τις

261 887 418 937 ὀφείλων
435 888 535 941 ἄρχῃ
556 890 605 936 τῷ
626 884 799 936 δημοσίῳ.

313 948 437 993 Patet,
462 960 532 998 per
561 947 661 985 hanc
691 947 812 997 legem
836 946 1074 985 immunitate
1101 947 1286 998 fraudari,
1309 960 1563 998 quoscunque
1582 960 1627 985 ea
1647 959 1715 984 un-

261 1022 379 1060 quam
406 1010 577 1060 Populus
600 1008 744 1046 Athen.
772 1007 969 1058 donasset,
997 1017 1162 1060 excepto
1191 1009 1339 1047 nemine
1367 1015 1510 1059 praeter
1535 1014 1714 1059 posteros

260 1070 461 1109 Harmodii
492 1077 530 1108 et
552 1068 840 1119 Aristogitonis.
899 1070 972 1108 His
1002 1070 1155 1108 duobus
1181 1071 1281 1109 enim
1304 1071 1471 1109 honores
1491 1070 1550 1108 sui
1578 1069 1715 1120 integri

259 1145 283 1170 a
302 1132 467 1182 Leptine
495 1131 775 1181 relinquuntur,
810 1130 992 1180 prudenti
1024 1131 1121 1169 illud
1148 1132 1325 1170 consilio.
1382 1133 1440 1170 Ita
1461 1132 1657 1170 celebrata
1675 1137 1716 1168 et

262 1199 395 1231 sancta
433 1193 546 1231 etiam
586 1200 670 1231 tum
709 1198 791 1229 erat
829 1193 1164 1243 tyrannicidarum
1204 1193 1356 1231 illorum
1391 1193 1572 1231 memoria
1610 1192 1716 1243 apud

257 1256 406 1300 bonum
437 1268 633 1305 quemque
664 1260 702 1292 et
732 1253 867 1304 patriae
894 1261 1098 1300 amantem,
1131 1262 1173 1293 ut
1196 1255 1405 1293 verendum
1435 1260 1548 1300 esset,
1568 1255 1598 1292 si
1629 1254 1716 1305 quis

259 1319 319 1356 vel
347 1319 466 1369 ipsos,
490 1319 548 1356 vel
579 1318 746 1368 aliquem
767 1331 812 1356 ex
843 1319 1007 1367 posteris
1028 1331 1174 1363 eorum,
1198 1319 1278 1356 ullo
1307 1331 1446 1368 genere
1467 1317 1620 1367 injuriae
1639 1317 1718 1355 affi-

261 1395 350 1419 cere
364 1381 559 1425 voluisset,
578 1393 624 1417 ne
642 1393 728 1417 eum
744 1392 876 1417 omnes
894 1380 1032 1419 malum
1047 1380 1254 1424 hominem,
1273 1393 1320 1417 ne
1336 1379 1460 1418 dicam
1478 1379 1716 1430 proditorem

258 1442 463 1493 libertatis,
479 1442 717 1491 judicarent.
776 1442 1004 1479 Meruerant
1018 1448 1145 1479 autem
1165 1441 1219 1479 illi
1242 1442 1403 1492 plurima
1423 1447 1462 1479 et
1482 1440 1718 1491 amplissima

261 1504 434 1554 praemia,
452 1510 597 1542 statuas
611 1517 752 1549 aeneas,
769 1503 1056 1542 honoratiorem
1074 1503 1111 1540 in
1127 1503 1291 1553 publicis
1311 1502 1557 1540 consessibus
1574 1502 1716 1547 locum,

265 1566 412 1604 victum
429 1565 620 1616 Prytanei,
641 1564 936 1609 immunitatem,
965 1564 1050 1611 alia,
1073 1564 1211 1614 partim
1233 1577 1335 1602 novo
1355 1564 1545 1614 exemplo,
1567 1577 1615 1601 ex
1635 1562 1718 1613 qui-

261 1628 334 1665 bus
347 1627 531 1677 pleraque
547 1628 662 1665 etiam
679 1627 845 1677 posteris
862 1626 1019 1677 propria
1037 1625 1277 1664 manebant}
1311 1625 1389 1663 Sed
1406 1632 1555 1663 ceteros
1572 1638 1718 1675 omnes,

261 1695 304 1726 ut
323 1688 416 1733 dixi,
436 1688 495 1725 lex
510 1688 699 1738 Leptinea
719 1687 864 1738 alligat,
887 1687 1000 1738 plane
1018 1686 1221 1737 rigideque
1243 1692 1393 1736 vetans,
1412 1686 1618 1724 immunem
1634 1699 1718 1737 esse

265 1751 488 1802 quempiam
503 1753 592 1802 μήτε
611 1757 683 1789 τῶν
695 1753 870 1796 πολιτῶν,
886 1751 975 1801 μήτε
993 1755 1064 1787 τῶν
1080 1751 1265 1795 ἰσοτελῶν,
1281 1751 1371 1799 μήτε
1387 1755 1458 1786 τῶν
1469 1752 1593 1794 ξένων.
1623 1748 1719 1793 Qui-

264 1812 339 1850 bus
357 1812 558 1851 vocabulis
588 1812 712 1850 tribus
742 1810 1141 1862 comprehenduntur,
1173 1816 1370 1861 quotquot
1397 1809 1542 1848 liberos
1575 1810 1719 1848 incolas

262 1873 400 1912 habuit
421 1874 525 1925 regio
545 1873 691 1912 Attica.
751 1872 922 1910 Primum
937 1875 1087 1910 πολῖται
1107 1878 1196 1909 sunt
1215 1871 1282 1916 illi,
1303 1871 1384 1920 qui,
1407 1883 1494 1908 vere
1515 1876 1554 1908 et
1574 1871 1722 1921 optima

265 1935 490 1974 conditione
504 1935 620 1981 cives,
639 1933 979 1984 omnibusjuribus
996 1939 1035 1971 et
1050 1932 1266 1971 commodis
1281 1931 1464 1982 Reipubl.
1481 1931 1720 1970 fruebantur.

263 1997 393 2047 Vulgo
411 1998 527 2035 iidem
549 2003 735 2034 vocantur
754 1997 875 2034 (ἱστοί.
919 1996 1066 2033 Contra
1091 1997 1184 2041 ξένοι
1204 1995 1264 2032 vel
1285 1995 1310 2032 ii
1326 2000 1428 2040 sunt,
1450 2008 1547 2045 quos
1567 1995 1722 2045 proprie

265 2058 458 2106 dixerunt,
478 2058 682 2110 peregrini,
705 2058 867 2096 Athenis
887 2063 1171 2096 commorantes
1191 2056 1446 2106 aliquamdiu,
1466 2057 1525 2094 vel
1546 2056 1613 2105 qui
1633 2056 1725 2094 alias

267 2120 514 2160 nominantur
533 2125 706 2172 μέτοικοι,
724 2120 858 2158 Latine
874 2119 991 2157 hodie
1011 2123 1164 2156 vertunt
1184 2118 1396 2168 inquilinos
1416 2131 1481 2155 seu
1500 2119 1728 2168 municipes,

268 2188 477 2232 utrumque
498 2183 622 2221 minus
644 2188 914 2232 congruenter,
938 2187 979 2219 ut
1000 2179 1043 2218 fit
1065 2179 1101 2217 in
1118 2179 1175 2218 his
1192 2179 1322 2217 rebus.
1378 2181 1432 2217 At
1453 2179 1574 2229 quaeri
1592 2187 1724 2230 potest

269 2244 318 2282 de
345 2258 438 2283 voce
467 2246 581 2291 ξένος,
603 2249 689 2281 utro
721 2256 833 2281 sensu
860 2244 898 2281 in
927 2243 1009 2292 lege
1032 2241 1196 2280 dicatur.
1255 2242 1315 2278 De
1346 2253 1423 2291 quo
1456 2241 1516 2278 vix
1550 2247 1724 2278 nostrum

268 2313 371 2345 esset
385 2305 581 2356 judicare,
604 2305 633 2343 si
655 2305 850 2355 Leptines,
873 2303 979 2355 quod
999 2303 1037 2340 in
1060 2304 1248 2341 Oratione
1268 2302 1453 2347 innuitur,
1477 2316 1523 2341 ex
1541 2302 1725 2354 ambiguo

271 2367 462 2406 fallaciam
483 2367 739 2417 quaesivisset.
796 2366 942 2403 Verum
962 2379 1038 2404 non
1060 2364 1169 2402 nimis
1189 2370 1316 2402 tamen
1338 2364 1526 2410 dubitem,
1547 2365 1642 2414 quin
1662 2377 1727 2401 vo-

273 2445 356 2469 cem
373 2430 570 2481 praecipue
586 2428 634 2467 ad
655 2432 843 2481 μετοίκους
858 2427 992 2466 referri
1010 2426 1199 2466 voluerit.¹
1236 2427 1406 2464 Fuerunt
1422 2432 1551 2466 autem
1569 2428 1727 2477 μέτοικοι

312 2530 614 2573 *Vid.§.0'z.85‘.n{¹.
631 2530 689 2569 λγ’.
732 2532 781 2561 Ex
809 2531 919 2561 iisdem
935 2532 979 2562 lo·
1017 2541 1085 2561 sera
1114 2535 1252 2569 tempora
1281 2534 1464 2560 manserunt.
1522 2529 1600 2558 Nam
1635 2538 1728 2567 quum

270 2577 330 2611 cis,
349 2587 407 2606 non
424 2586 463 2606 ex
479 2575 538 2605 alio
554 2576 647 2610 fonte,
675 2584 729 2603 sua
752 2575 852 2603 hausit
878 2579 982 2604 auctor
1017 2574 1124 2603 ablatae
1152 2577 1255 2603 essent
1278 2583 1295 2602 a
1323 2572 1445 2606 Xerxe,
1473 2571 1648 2601 instauratae
1671 2581 1728 2609 po-

272 2620 402 2658 Argnm.
435 2619 538 2658 graeci,
580 2619 635 2648 sed
660 2617 759 2646 minus
787 2616 919 2646 fideliter
950 2617 981 2646 in
1019 2622 1083 2646 stea
1109 2620 1178 2645 sunt
1204 2616 1330 2654 Olymp.
1352 2617 1406 2649 75,
1422 2618 1451 2644 4.
1498 2614 1570 2643 vid.
1596 2613 1728 2643 Meursii

274 2661 446 2699 nonnullis;
469 2661 524 2697 ita,
541 2665 574 2690 ut
589 2671 627 2690 ex
643 2670 678 2690 eo
694 2660 792 2698 legem
809 2659 913 2697 augeri
929 2670 983 2689 no·
1019 2659 1143 2689 Pisistr.
1159 2669 1187 2688 c.
1208 2661 1259 2688 14.
1284 2663 1316 2687 et
1341 2656 1463 2687 Corsini
1491 2656 1573 2686 Fast.
1598 2656 1663 2685 Ati.
1688 2657 1726 2686 Τ.

274 2705 340 2734 lim.
385 2704 437 2733 Sic
454 2704 526 2733 nibil
541 2709 586 2733 est
601 2703 631 2732 in
647 2704 776 2733 Oratore
793 2702 832 2732 de
849 2702 984 2731 Archon·
1018 2702 1083 2732 ΙΙΙ.
1100 2712 1131 2740 p.
1149 2703 1223 2730 171.

274 2748 357 2777 tibus
372 2747 440 2785 lege
457 2746 585 2783 solutis;
609 2745 668 2776 etsi
683 2746 740 2775 hoo
769 2755 829 2775 non
857 2750 905 2774 est
931 2745 984 2774 im·
1066 2744 1176 2774 ¹Haud
1208 2743 1272 2773 scio
1296 2753 1332 2772 an
1349 2742 1424 2772 nulli
1440 2746 1527 2772 autea
1542 2742 1600 2771 hoo
1621 2741 1728 2771 obser-

274 2789 449 2830 probabile.
493 2790 562 2820 Alia
577 2789 690 2829 passim
713 2788 806 2818 habet
830 2787 984 2817 Aristides
1020 2792 1121 2816 vatum
1148 2787 1198 2821 sit,
1222 2785 1352 2824 simplici
1376 2784 1497 2814 nomine
1516 2783 1593 2823 ξένων
1624 2783 1729 2814 vocari

274 2833 305 2862 in
325 2832 563 2867 Dedamafione,
575 2842 643 2871 quae
660 2831 822 2861 Morellius
838 2831 874 2860 ad
887 2830 984 2869 legem
1018 2829 1173 2868 μετοίκους.
1219 2828 1333 2868 Scripsi
1347 2828 1377 2858 id
1395 2833 1495 2858 autem
1513 2826 1729 2866 Aristophanis

273 2875 434 2905 referenda
448 2879 545 2913 putat,
563 2875 646 2904 velut
658 2875 683 2914 §.
701 2876 752 2903 23.
799 2873 860 2903 Sed
877 2883 915 2903 ne
928 2873 986 2902 hoo
1019 2872 1198 2901 auctoritate
1216 2872 1332 2910 Equitt.
1352 2882 1380 2900 v.
1407 2873 1494 2906 347„
1510 2870 1561 2900 ubi
1583 2874 1631 2899 est
1650 2871 1728 2900 κατὰ

279 2917 401 2957 quidem
417 2917 524 2947 ausim.
1019 2913 1092 2953 ξένου
1125 2912 1267 2952 μετοίκου,
1307 2919 1336 2943 et
1375 2913 1474 2952 ipsius
1514 2911 1730 2944 Demosthenis

320 2958 334 2980 Β
351 2960 464 2989 Statuae
478 2960 520 2990 H.
545 2964 574 2990 et
600 2960 639 2990 A.
666 2959 696 2989 in
721 2960 786 2990 soro
810 2958 920 2998 positae
948 2958 985 2988 ad
1021 2961 1107 2996 eujus
1131 2957 1230 2988 locum
1260 2957 1360 2987 notavi
1392 2956 1422 2985 in
1446 2958 1616 2989 comment.
1645 2954 1670 2995 §.
1693 2952 1727 2993 ζ’.
