1928 3284
223 216 334 269 460
373 249 378 257 ·

630 223 1265 267 ΔΗΜΟΣΘΕΝΟῪΣ

301 336 378 389 iffi
417 334 539 403 Ἐγω
565 333 603 386 δ’
637 333 701 388 ἐτι
738 336 859 387 τουτ’
885 334 1017 388 εἶσι-εῖν
1032 337 1160 431 uva-34>
1192 335 1397 425 Χαβρίου
1423 336 1666 407 βουλομαι.

226 411 395 482 Ὑμεῖς,
423 419 453 462 ὠ
434 407 626 503 α’νδρες
650 410 897 471 Αθηναῖοιὶ
940 412 1148 480 τιμωντές
1180 435 1300 463 ποτε
1326 410 1596 479 Ἰφικράτην,
1623 435 1669 464 ου

429 483 441 497 5

227 486 350 554 μόνον
384 507 518 537 αυτον
545 483 810 555 ἐτιμήσατε,
838 482 973 535 dno?
1011 508 1088 536 και
1123 482 1220 536 δι”
1204 495 1375 549 εκεῖνον,
1407 484 1671 553 Στράβακα

230 579 309 611 και
338 557 674 647 Πολύστρατον.

742 557 835 609 Kone
869 556 1017 610 παλιν
1043 556 1242 629 Τιμοθεῳ
1282 557 1463 618 &Soura
1491 558 1566 621 τὴν
1591 557 1673 612 δω-

228 656 346 706 ρεαν,
382 630 475 684 δι”
459 643 609 685 εκεῒνον
645 629 836 684 {daona-re
873 631 951 683 καὶ
981 632 1212 724 Κλεάρχῳ
1246 650 1340 684 και
1360 657 1482 722 ’vo-cv
1517 630 1677 691 α’λλοις

231 706 512 759 11πολιτεειαν.

580 704 791 781 Χαβρίας
815 703 856 756 δ’
880 705 1017 764 ati-rog
1043 704 1230 776 ετιμήθη
1267 707 1371 774 παρ’
1404 708 1502 776 ὖμῖν
1536 730 1672 777 μενος

804 822 813 841 ¹
831 831 880 852 την
894 822 1037 853 πολιτείαν
1051 823 1088 852 Τ.

232 907 439 943 commentati,
454 912 488 938 ut
501 908 532 937 in
543 918 606 938 rem
619 910 801 947 praesentem
811 906 937 936 adducti

233 961 293 980 non
315 951 419 990 legere
435 951 593 981 videamur
614 951 780 985 elaborata,
806 949 859 979 sed
886 958 938 978 au·

235 994 300 1023 dire
323 1004 363 1024 ex
378 998 514 1034 tempore
530 994 609 1023 susa.
652 993 701 1023 lta
716 993 939 1022 Demosthenes

233 1037 264 1066 h.
278 1035 300 1067 l.
315 1037 444 1066 scribam
466 1037 554 1067 nobis
574 1037 614 1066 ob
636 1035 742 1065 oculos
764 1034 851 1075 ponit
870 1045 939 1064 cun-

234 1084 366 1109 ctantem
381 1084 413 1109 et
433 1079 608 1119 psephisma
623 1078 837 1117 requirentem,
850 1087 939 1116 quem

232 1123 322 1160 jubet
337 1122 574 1161 circumspicere
590 1121 723 1151 curatius
736 1131 744 1157 3
757 1130 827 1150 mox
840 1124 875 1149 ut
886 1120 940 1149 110-

236 1164 312 1194 1111111
333 1165 464 1203 spatium
489 1165 526 1194 ad
547 1164 743 1202 quaerendum
762 1163 827 1198 det,
847 1162 941 1191 simu-

238 1207 301 1236 lans
318 1217 350 1236 se
375 1207 456 1246 quod
479 1203 508 1236 111
526 1207 635 1242 solum,
658 1210 691 1235 ut
714 1205 831 1240 dicunt,
853 1204 942 1244 loqui

238 1250 329 1285 velle,
345 1251 382 1279 ad
398 1260 507 1278 novum
529 1249 721 1287 enthymema
736 1248 766 1276 iu
783 1248 942 1285 Leptinem

239 1292 415 1331 accingitur.
459 1292 566 1321 Simile
581 1291 652 1329 quid
677 1289 827 1328 reperitur
845 1290 874 1318 in
891 1299 944 1318 no-

239 1334 325 1364 tabili
349 1335 418 1364 loco
434 1334 541 1364 Nostri
563 1334 601 1363 de
628 1333 697 1363 fals.
722 1333 784 1371 leg.
810 1343 841 1371 p.
869 1333 944 1361 407.

240 1378 289 1406 ed.
306 1377 360 1414 R„
381 1377 444 1412 ubi,
467 1378 492 1406 si
518 1377 638 1415 quando
664 1374 825 1415 proposito
847 1375 945 1404 aliena

239 1420 344 1458 legere
370 1419 500 1455 iubebit,
524 1419 610 1458 legas
632 1418 794 1448 Re'iskium
816 1417 848 1446 in
871 1417 945 1447 Not.

239 1463 316 1492 adl.
332 1474 359 1492 c.
392 1461 608 1492 Demosthenis
634 1461 716 1490 hunc
740 1469 861 1500 quoque
882 1470 947 1489 mo-

241 1506 314 1535 dum
337 1505 472 1535 imitator
495 1505 663 1540 Romanus,
681 1513 740 1532 nou
762 1513 946 1543 magnopere

242 1548 295 1577 ille
311 1548 350 1577 de
367 1548 470 1578 verbis
491 1545 620 1586 singulis
643 1551 696 1575 aut
718 1545 877 1575 sententiis
893 1555 947 1574 ex-

241 1590 410 1630 primendis
425 1589 589 1624 sollicitus,
601 1588 657 1618 sed
667 1593 762 1618 artem
778 1588 947 1617 universam

243 1633 345 1663 Graeci
361 1632 496 1671 exempli
518 1632 689 1666 aemulatus,
702 1631 781 1659 hunc
796 1640 868 1669 ergo
884 1640 947 1659 mo-

243 1677 315 1706 dum
328 1675 437 1705 Cicero
453 1674 609 1704 transtulit
623 1674 653 1702 in
666 1673 825 1702 Verrinam
840 1673 900 1702 IV.
915 1675 946 1703 3.

245 1720 302 1748 hoc
312 1723 369 1754 est,
379 1718 410 1748 in
426 1727 491 1747 eam
501 1716 690 1751 Orationem,
703 1725 790 1754 quam
801 1714 946 1754 scriptam

243 1765 358 1790 tantum
383 1760 497 1790 scimus
524 1769 606 1794 esse,
627 1769 687 1788 non
712 1757 855 1787 habitam.
898 1757 948 1787 Ibi

245 1814 337 1843 quum
359 1801 453 1836 dixit,
475 1801 649 1840 Canephoroe
670 1801 736 1839 ipsae
754 1801 948 1836 tocabantur,

243 1847 346 1876 statim
362 1845 532 1876 auditorem
548 1844 676 1883 aliquem
690 1844 729 1872 de
743 1842 864 1873 nomine
877 1843 948 1874 arti-

244 1889 311 1920 ficis
334 1889 524 1926 interrogare
547 1897 579 1916 se
603 1886 757 1920 simulans,
773 1886 859 1924 quasi
882 1885 949 1925 ipse

244 1932 315 1962 talis
337 1931 383 1961 rei
405 1920 503 1966 rudis,
522 1929 628 1959 addit.
652 1929 708 1958 Sed
731 1939 833 1958 eurum
855 1928 949 1968 urtfi-

245 1985 304 2004 cem
319 1975 425 2013 quem?
448 1973 623 2013 quemnam?
644 1972 720 2001 Tum
742 1981 837 2009 parvo
856 1971 949 2001 inter-

245 2017 343 2047 vallo:
376 2016 465 2047 Recte
494 2016 631 2046 admones
642 2026 656 2051 5
685 2013 868 2054 Polycletum
896 2024 951 2043 esse

246 2060 390 2090 dicebant.
429 2059 506 2095 Quae
527 2057 631 2087 ultima
647 2057 741 2086 verba
761 2057 806 2086 sic
822 2057 950 2086 esserun-

245 2107 306 2138 tur,
321 2107 355 2132 ut
378 2112 487 2131 nomeu
509 2099 633 2130 artificis
648 2099 770 2128 oratori
791 2099 828 2128 ab
850 2100 951 2138 aliquo

248 2156 288 2175 ex
304 2154 416 2174 corona
438 2147 616 2183 suggestum
634 2143 785 2172 videatur.
827 2143 895 2172 ‚Jam
911 2152 950 2171 ex

248 2187 346 2217 tribus
362 2187 411 2216 his
430 2187 506 2216 locis
522 2190 597 2224 puto
613 2185 756 2222 cognosci
776 2194 878 2224 posse,
897 2195 952 2213 cur

247 2230 292 2260 ita
306 2228 421 2268 antiqui
433 2229 572 2262 fecerint,
586 2237 678 2266 quum
691 2227 830 2256 consulto
840 2225 952 2256 fecisse

251 2277 406 2311 appareat.
441 2271 591 2300 Nimirum
621 2270 815 2307 sicutpoctae
840 2268 953 2298 scenici

252 2316 370 2345 fabulas
383 2324 452 2343 suas
467 2313 509 2343 ita
523 2313 650 2346 faciunt,
667 2317 698 2341 ut
714 2312 805 2341 etiam
823 2311 851 2340 in
869 2311 953 2341 cubi-

251 2358 320 2388 culo
333 2358 423 2388 ,lectae
432 2366 488 2385 nos
500 2360 600 2385 mente
614 2356 774 2393 animoque
789 2355 818 2383 in
834 2364 952 2383 scenam

252 2401 417 2439 abripiant:
435 2399 542 2429 eodem
554 2398 742 2437 planemodo
759 2397 816 2433 illi,
827 2407 954 2435 quorum

253 2453 345 2473 scena
359 2447 423 2474 erat
444 2443 538 2471 sorum
563 2447 594 2470 et
612 2440 738 2478 judic-ia,
753 2440 796 2469 ita
819 2439 953 2469 nativum

255 2487 387 2516 colorem
417 2484 576 2525 quendam
595 2488 626 2512 et
657 2483 781 2522 gratiam
813 2487 956 2520 putarunt

254 2529 442 2559 orationibus
466 2526 588 2565 scxiptis
607 2526 765 2557 aceedeie,
791 2524 816 2553 si
843 2525 954 2554 habitis

255 2575 358 2601 essent
381 2570 558 2606 simillimam
580 2579 639 2607 qua
662 2573 725 2597 arte
749 2568 845 2596 lector
865 2567 922 2596 sibi
939 2578 954 2596 e

254 2614 396 2644 cubiculo
408 2623 463 2642 suo
480 2592 656 2642 videi‘etur
648 2621 678 2640 111
695 2611 789 2640 solem
804 2616 833 2638 et
849 2609 955 2648 pulte-

254 2667 318 2688 tem
332 2656 506 2686 translatus.
549 2654 644 2684 Simul
667 2664 725 2683 non
748 2652 872 2681 dubium
897 2657 956 2687 est,

254 2700 330 2729 hauc
347 2698 482 2738 speciem
501 2695 776 2735 extemporalitatis
794 2694 957 2733 ἀξιόπιστον

256 2743 340 2772 ποιεῖν
361 2740 451 2779 λόγον,
472 2740 552 2779 quod
573 2741 610 2769 ad
632 2740 699 2768 11.1.
724 2739 867 2767 observat
887 2737 957 2766 Ari-

255 2783 602 2822 stid.i11Artep.467.
627 2783 671 2812 Ad
690 2781 846 2811 Ciceronis
856 2781 957 2810 locum

257 2828 337 2856 cont'.
353 2826 499 2865 Quinctil.
513 2826 577 2856 IX.
596 2828 624 2854 (Δ.
642 2827 692 2854 61.
716 2825 820 2855 IDEM.

290 2869 333 2899 tO'.
350 2867 496 2908 Τιμῶντές
507 2879 575 2898 ποτε
590 2866 744 2908 Ἰφικράτην
760 2867 816 2907 —-—]
833 2865 959 2894 Scilicet

258 2913 442 2951 Iphicratem
465 2912 614 2941 donarunt
634 2915 733 2940 statua
757 2920 851 2944 amca,
874 2909 957 2937 victu

261 2955 414 2993 Prytanei,
426 2953 493 2984 aliis
506 2953 652 2993 praemiis,
666 2958 742 2983 teste
758 2952 914 2981 Demosih.
929 2952 957 2980 in

258 2998 405 3026 Atisim-*12
422 3008 450 3036 p.
471 2999 541 3028 6632
560 2997 604 3028 cd.
623 2997 660 3025 R,
708 2997 846 3032 Quocum
878 2994 956 3024 conf.

970 906 1146 937 AEschinem
1172 907 1201 937 in
1224 907 1365 947 Ctesiph.
1391 908 1417 948 ξ.
1442 906 1484 946 ζ’.
1506 904 1562 936 ubi
1586 905 1677 936 etiam

972 949 1115 980 similium
1140 951 1289 980 honorum
1303 950 1458 981 Timothei
1478 949 1626 986 meminit,
1648 953 1680 978 et

971 1003 1083 1028 rernm,
1120 1003 1188 1031 quae
1227 1004 1299 1023 suos
1336 992 1456 1032 utrique
1496 995 1680 1022 meruerant.

973 1034 1167 1076 Ἐωερωτησον
1188 1037 1254 1070 τους
1267 1036 1417 1072 δικαστὰς,
1432 1035 1531 1074 inquit:
1544 1034 1600 1064 1110
1615 1035 1679 1063 De-

972 1079 1135 1114 mostheni,
1147 1089 1286 1109 coronam
1302 1078 1467 1114 affectanti,
1479 1077 1502 1108 εἷ
1517 1075 1682 1116 ἐγίγνωσκον

973 1121 1108 1159 Χαβρίαν,
1129 1121 1178 1150 καὶ
1198 1120 1365 1161 Ἰφικράτην,
1380 1121 1427 1150 καὶ
1452 1120 1603 1160 Τιμόθεον,
1630 1118 1681 1148 καὶ

974 1163 1075 1192 ωυῖτου
1091 1174 1149 1203 παρ
1172 1163 1274 1198 αὐτῶν,
1288 1163 1332 1193 διὰ
1346 1163 1378 1192 τί
1392 1164 1447 1196 τοὶς
1464 1163 1564 1202 δωρεὰς
1585 1161 1684 1196 αὗτοῖς

974 1203 1080 1240 ἐ’δοσαν,
1108 1206 1156 1234 καὶ
1182 1207 1237 1237 τιὶς
1267 1205 1368 1238 εἰκόνας
1392 1204 1529 1235 ἔστησαν·
1557 1203 1684 1238 απαντες

975 1248 1029 1286 γὰρ
1045 1247 1112 1285 ἅμα
1127 1259 1170 1276 σοι
1192 1248 1408 1288 ἀποκρινουντοιι,
1431 1259 1474 1277 οτι
1496 1243 1608 1287 Χαβρίᾳ
1628 1245 1684 1286 μὲν

976 1289 1022 1318 διὰ
1033 1292 1081 1319 τὴν
1096 1289 1165 1341 περὶ
1179 1289 1265 1328 Νάξον
1286 1300 1463 1341 ναυμαχιαν,
1474 1288 1625 1342 Ἰφικράτει
1641 1287 1683 1325 δε,

975 1329 1020 1361 δ’τι
1045 1333 1092 1362 τὴν
1115 1331 1201 1373 μόραιν
1225 1330 1444 1371 Λακεδαιμονίων
1472 1331 1618 1362 ἀπέκτεινε
1636 1331 1684 1373 (v.

977 1374 1056 1403 locc.
1081 1375 1183 1404 lnudd.
1211 1385 1228 1404 a
1252 1375 1389 1406 Lambin.
1413 1375 1451 1405 ad
1467 1374 1588 1404 cornel.
1601 1374 1684 1413 Nep.

978 1416 1163 1456 Iphicratem
1187 1420 1218 1446 et
1235 1417 1424 1456 Wesseting.
1444 1418 1483 1447 ad
1499 1416 1630 1448 Diodor.
1645 1417 1683 1446 Τ.

979 1460 1007 1489 Ι.
1023 1470 1054 1498 p.
1073 1473 1081 1488 ι
1069 1459 1161 1511 12.)
1205 1458 1334 1499 Τιμοθέῳ
1350 1459 1389 1496 δὲ,
1405 1460 1449 1490 διὰ
1470 1458 1518 1490 τόν
1538 1457 1688 1500 περίπλουν

978 1500 1025 1531 τὸν
1040 1502 1077 1537 εἷς
1096 1501 1241 1542 Κέρκυραν,
1283 1502 1347 1533 His
1363 1503 1444 1533 conf.
1457 1502 1536 1538 loca,
1549 1512 1616 1542 quae
1630 1502 1685 1532 de-

980 1544 1101 1583 signant
1127 1546 1241 1575 Muret.
1255 1546 1329 1575 Var.
1353 1546 1452 1575 Lectt.
1467 1545 1561 1574 VIII.
1578 1547 1632 1576 22.
1655 1549 1688 1575 et

979 1587 1129 1625 Taylorus
1151 1587 1188 1617 ad
1204 1587 1306 1626 Lysiae
1325 1588 1450 1627 Fragm.
1471 1597 1504 1627 p.
1521 1590 1572 1618 18.
1598 1597 1686 1627 seqq.

981 1630 1085 1660 Imm.

1025 1670 1177 1712 Στράζαιια.
1192 1671 1239 1701 καὶ
1251 1671 1466 1712 Πολύστρατον]
1478 1671 1687 1702 Posteriorem

981 1725 1041 1743 una
1063 1725 1131 1745 cum
1147 1714 1277 1744 Chabria
1299 1719 1330 1744 et
1344 1715 1500 1753 Iphicrate
1514 1714 1625 1744 ducem
1639 1714 1688 1744 fu-

981 1756 1043 1786 isse
1060 1757 1248 1787 conducticii
1270 1757 1425 1787 exercitus
1448 1756 1516 1796 (τοῧ
1536 1756 1638 1796 ξενικοῦ
1662 1755 1689 1786 ἐν

982 1798 1107 1839 Κορίνθῳ.
1152 1800 1239 1829 Conf.
1255 1799 1414 1839 Aristoph.
1437 1799 1519 1829 Plut.
1534 1801 1607 1830 1¹73.
1629 1798 1689 1829 ibi-

983 1853 1041 1881 que
1058 1843 1160 1873 Schol.
1175 1847 1206 1872 et
1222 1843 1376 1880 Harpocr.
1399 1842 1449 1872 hh.
1465 1840 1534 1882 vv.)
1547 1841 1689 1872 novimus

984 1895 1024 1914 ex
1038 1885 1174 1926 Philipp.
1187 1887 1214 1915 1.
1230 1886 1256 1924 ᾗ.
1271 1884 1312 1915 θ’.
1357 1885 1427 1921 Quo
1450 1884 1519 1914 loco
1535 1884 1688 1923 Didymus

984 1938 1074 1966 quum
1095 1932 1210 1958 temere
1224 1931 1353 1967 poneret
1366 1926 1554 1966 Πολύτροπος,
1567 1937 1626 1956 11011
1643 1927 1688 1957 vi-

983 1972 1074 2000 detur
1096 1971 1123 2000 is
1151 1975 1264 2001 nostrae
1280 1971 1365 2000 Orat.
1388 1970 1570 2000 meminisse.
1614 1969 1688 2000 Vid.

984 2014 1170 2053 Harpocrat.
1186 2025 1216 2043 v.
1230 2012 1430 2052 Πολύστρατος
1453 2012 1556 2052 ibique
1582 2013 1688 2042 Maus-

985 2065 1049 2086 sac.
1065 2061 1097 2086 et
1112 2058 1152 2087 cf.
1167 2056 1273 2095 Apsin.
1289 2067 1321 2095 p.
1336 2058 1410 2086 ¹704.
1454 2056 1532 2085 Post
1546 2055 1688 2085 Maussa-

984 2109 1055 2129 cum
1069 2103 1169 2129 tamen
1184 2099 1284 2129 eidem
1307 2099 1375 2128 loco
1401 2097 1589 2127 emendando
1614 2107 1688 2137 ope-

984 2152 1048 2172 ram
1061 2143 1210 2172 dederunt
1224 2140 1413 2171 Tourrellius
1428 2144 1459 2169 et
1469 2140 1687 2170 Lucchesinus.

985 2184 1043 2213 Sed
1066 2184 1152 2214 illius
1176 2184 1299 2223 quidem
1323 2182 1485 2218 correctio,
1507 2180 1690 2222 Καλλία-τροι-

987 2237 1044 2261 τος,
1059 2227 1149 2256 fluxit
1173 2237 1189 2255 e
1212 2225 1318 2256 notula
1333 2224 1455 2260 Wolfii,
1475 2234 1543 2263 quae
1566 2225 1691 2255 diversa

986 2269 1068 2298 bella
1085 2269 1255 2303 confundit,
1271 2267 1460 2296 Corinthium
1477 2273 1508 2296 et
1523 2267 1690 2297 Boeotium.

988 2311 1079 2341 Prior
1094 2316 1125 2340 et
1139 2312 1207 2350 ipse
1224 2312 1262 2339 de
1277 2309 1536 2339 commendatione
1551 2310 1690 2348 Iphicra-

988 2354 1029 2383 tis
1053 2358 1187 2388 ornatus,
1202 2354 1343 2388 Strabax,
1358 2352 1457 2382 videri
1480 2355 1583 2392 potest
1603 2352 1691 2391 Iphi-

988 2396 1082 2426 cratis
1098 2396 1129 2426 in
1142 2397 1250 2425 codem
1267 2395 1346 2425 bello
1363 2395 1483 2433 adjutor
1494 2393 1601 2425 fuisse.
1622 2395 1693 2425 Ho-

989 2440 1099 2468 minem
1129 2439 1281 2477 aliquanto
1307 2437 1416 2467 melius
1439 2446 1608 2473 nossemus,
1630 2437 1692 2467 nisi

989 2482 1087 2511 manci
1113 2481 1205 2511 hodie
1228 2485 1331 2510 essent
1352 2480 1557 2518 Harpocratio
1577 2485 1609 2510 et
1623 2480 1693 2510 Sui-

990 2525 1056 2560 das,
1073 2525 1123 2563 qui
1146 2524 1213 2562 ipse
1234 2525 1296 2561 jam
1321 2522 1393 2552 olim
1416 2522 1524 2551 mutilo
1549 2523 1692 2562 exemplo

991 2565 1244 2606 Harpocrationis
1261 2575 1334 2595 usus
1352 2564 1450 2594 videri
1465 2564 1568 2594 debet.
1589 2565 1693 2595 Clear-

991 2610 1078 2639 chum
1098 2609 1273 2648 suspicatur
1290 2607 1437 2638 Reiskius
1461 2607 1588 2636 eundem
1612 2618 1693 2643 esse,

991 2653 1043 2690 qui
1058 2652 1231 2686 Heracleae,
1247 2651 1375 2680 Pontica
1390 2651 1475 2683 urbe,
1488 2653 1633 2688 tyrannus
1648 2651 1694 2680 fu-

992 2695 1050 2724 erit
1066 2696 1103 2724 ab
1116 2695 1240 2733 Olymp.
1258 2696 1329 2728 104,
1345 2697 1372 2722 1.
1389 2692 1425 2722 ad
1439 2692 1563 2729 olymp.
1578 2694 1650 2729 106,
1661 2695 1693 2723 4.

992 2742 1117 2766 auctore
1143 2737 1281 2766 Diodoro
1303 2736 1376 2765 XV.
1397 2737 1448 2764 81.
1474 2739 1505 2764 et
1521 2735 1616 2764 XVI.
1639 2736 1693 2765 36.

993 2780 1073 2808 Mihi
1090 2780 1118 2808 in
1134 2779 1268 2813 homine,
1283 2778 1403 2807 aliunde
1425 2777 1543 2815 ignoto,
1559 2788 1615 2807 uec
1631 2777 1695 2807 ulla

993 2832 1025 2851 re
1041 2822 1090 2851 hic
1112 2823 1198 2851 nobis
1213 2826 1328 2855 notato,
1345 2822 1520 2859 conjectura
1541 2819 1694 2850 abstinen-

993 2865 1066 2894 dum
1081 2865 1212 2894 videtur.
1246 2865 1351 2893 IDEM.

1036 2906 1159 2946 Χαβρίας
1174 2906 1197 2936 δ’
1207 2905 1289 2939 aia-‘ck
1305 2904 1424 2945 ἐτιμήθη
1440 2904 1506 2944 παρ’
1517 2904 1584 2946 ὑμῖν
1597 2903 1694 2944 μόνος]

995 2951 1053 2980 Per
1067 2961 1099 2979 se
1115 2948 1198 2982 αὐτὸς
1213 2954 1261 2978 est
1283 2949 1374 2987 μέν-κ,
1397 2949 1432 2977 ab
1453 2949 1518 2978 aliis
1537 2949 1694 2987 sejunctus.

997 2993 1065 3022 vm,
1089 2993 1265 3023 Hcmstcrh.
1290 2992 1326 3021 ud.
1346 2993 1469 3022 Lucina,
1485 2992 1519 3021 T.
1538 2991 1561 3020 1.
1579 3001 1608 3029 p.
1622 2991 1695 3022 230.
