1928 3284
234 212 345 272 396
454 221 710 261 TAYLORI
741 221 913 262 PRAEF.
945 222 1024 260 AD
1051 221 1137 259 ΟΒ.
1161 221 1291 259 ADV.
1312 220 1473 259 LEPT.

237 333 352 385 gisse.
409 331 578 377 Nemini,
600 331 732 382 credo,
763 331 942 377 suboluit,
972 331 1073 368 hanc
1100 327 1324 367 Orationem
1354 341 1531 366 mancam
1562 333 1601 365 et
1624 327 1693 364 im-

235 395 449 448 perfectam
469 393 518 431 ad
536 406 606 431 nos
627 392 883 431 descendisse.
942 391 1058 436 Quod
1077 398 1209 429 tamen
1227 403 1386 428 necesse
1408 397 1466 428 est
1494 390 1548 427 ita
1568 402 1609 427 se
1628 388 1694 426 ha-

239 457 347 503 bere,
369 455 399 493 si
417 456 520 494 bona
542 454 620 492 fide
639 453 837 492 nobiscum
868 453 993 503 egerit
1015 451 1200 503 Syrianus
1227 450 1275 488 ad
1295 452 1588 501 Hermogenem
1607 463 1698 500 pag.

237 520 304 556 28.
359 517 438 553 Καὶ
464 519 593 562 πάλιν,
613 514 807 560 Λεπτίνην
834 516 1089 566 μεμφόμενος,
1118 516 1167 555 ὡς
1197 514 1429 565 ἀφελόμενον
1458 515 1525 555 τὰς
1561 513 1696 563 δωρεὰς

240 585 314 617 τῶν
332 580 543 630 εὐεργετῶν,
564 575 679 614 εἶπεν·
701 575 792 614 “Ort
809 575 843 614 οἱ
861 578 1037 628 ἀλλαχοῦ
1065 577 1216 612 πολῖται
1236 574 1338 625 (lege
1358 575 1397 611 αἱ
1416 575 1619 621 πολιτεῖαι)
1640 575 1700 610 καὶ

243 639 391 691 μείζους
421 640 629 689 παρέχουσι
654 644 718 682 τῆς
747 638 936 679 εὖτελείας
955 637 1059 688 (lege
1080 635 1269 683 ἀτελείας)
1289 635 1435 687 δωρεὰς,
1457 637 1518 672 καὶ
1537 636 1621 677 τοὺς
1642 636 1698 671 εὔ-

244 704 402 753 εργὲτας
422 706 494 738 τῶν
514 699 664 736 ἰδιωτῶν
679 698 862 741 δεσπότας
882 700 1115 736 καθιστᾶσιν.
1163 695 1253 742 Qui,
1265 697 1420 734 tametsi
1435 697 1553 735 verba
1568 697 1702 733 diserta

244 762 427 801 Auctoris
447 761 622 799 videatur
642 760 775 806 citare,
800 761 927 798 alludit
946 758 1189 798 solummodo
1212 757 1263 795 ad
1286 770 1345 803 ea,
1366 771 1451 808 quae
1473 758 1648 795 dicuntur
1666 762 1699 804 ξ..

242 825 285 862 ς’.
302 824 384 861 init.
405 830 444 860 et
463 831 494 874 ξ.
510 821 580 869 κβᾭ
602 835 625 859 a
643 822 745 859 med.
803 821 924 859 Porro
941 821 989 858 de
1008 820 1081 858 hac
1095 819 1236 865 Causa,
1256 825 1372 869 atque
1389 818 1437 856 de
1457 818 1575 863 exitu,
1589 830 1703 868 quem

244 885 392 930 habuit,
412 883 597 922 nonnulla
624 883 863 921 conservavit
883 883 958 920 Dio
977 880 1308 933 Chrysostomus
1299 893 1339 917 m
1360 879 1470 918 Orat.
1488 879 1702 924 Rhodiaca,

248 959 340 998 pag.
357 949 449 985 350.
471 945 577 983 Edit.
599 945 742 983 Morel.
766 949 881 985 1604.
913 958 936 983 a
964 957 1025 982 me
1051 942 1293 982 adducenda.
1348 942 1461 993 Παρὰ
1480 946 1561 979 τοίι
1566 959 1608 980 υν
1627 947 1703 983 τοῖς

242 1007 459 1054 Ἀθηναίοις
488 1008 581 1044 κατὰ
599 1005 801 1052 Φίλιππον,
822 1007 989 1058 μάλιστα
1009 1004 1053 1051 δ’,
1074 1004 1133 1042 ὅτε
1164 1012 1229 1050 τῆς
1248 1004 1455 1055 ηγεμονίας
1484 1018 1703 1054 παρακεχω-

247 1072 395 1121 ρήκασι,
416 1078 480 1114 τῆς
502 1068 529 1105 δ’
545 1067 758 1119 ἐλευθερίας
775 1070 893 1120 μόνης
913 1066 1047 1105 λοιπὸν
1075 1067 1309 1116 ἀντείχοντο,
1330 1062 1521 1111 Λεπτίνης
1547 1081 1601 1107 τις
1630 1065 1703 1101 εἶσ-

248 1134 381 1179 ἡνεγκε
402 1131 530 1181 νόμον,
555 1132 604 1172 ὡς
626 1136 722 1181 χρῆν
742 1132 810 1172 τὰς
830 1129 1003 1171 ἀτελείας
1018 1129 1220 1180 α’ψελέσθαι
1239 1143 1322 1169 τους
1342 1128 1503 1178 ἔχοντας
1523 1128 1625 1176 παρὰ
1643 1131 1708 1163 τοῦ

248 1193 378 1244 δήμου,
398 1192 488 1243 δίχα
509 1198 581 1230 τῶν
599 1193 659 1243 ἀφ’
676 1191 875 1243 Ἀρμοδίου
903 1194 963 1228 καὶ
981 1190 1319 1241 Ἀριστογείτονος,
1346 1191 1404 1225 καὶ
1432 1190 1558 1240 μηκέτι
1587 1190 1706 1225 τολοι-

247 1254 325 1292 πὸν
343 1254 477 1301 ἐξεῖναι
505 1252 646 1291 διδόναι
675 1253 803 1305 μηδενὶ
831 1256 897 1298 τὴν
924 1253 1061 1304 δωρεὰν
1081 1251 1233 1297 ταύτην.
1254 1250 1288 1288 τί
1307 1248 1397 1294 οὗν;
1425 1249 1499 1288 ἔσθ’
1518 1249 1618 1292 ὅπως
1635 1265 1707 1287 πα-

246 1316 435 1369 ρεδέξαντο
463 1314 528 1353 τὸν
556 1316 693 1366 νόμους
723 1315 802 1366 (Ita
818 1315 945 1354 locum
964 1316 1067 1365 lego.
1124 1313 1172 1350 In
1201 1312 1313 1351 editis
1335 1312 1436 1350 male
1456 1317 1710 1363 repraesenta-

247 1377 342 1427 tur.)
371 1379 564 1428 οὒμενοῦν.
583 1378 668 1414 ἀλλ’
689 1377 789 1414 ἑάλω
811 1385 970 1428 γραφῆς.
1027 1374 1134 1414 Huic
1156 1374 1341 1412 Historiae
1362 1372 1555 1411 Orationis
1574 1373 1710 1424 Lepti-

251 1452 334 1478 neae
356 1438 472 1477 liceat
490 1438 723 1489 subjungere
740 1439 912 1491 lepidam
940 1437 1263 1476 narratiunculam
1284 1449 1333 1474 ex
1347 1435 1505 1473 Violeto
1526 1434 1712 1473 Eudociae

255 1501 346 1539 MS.
366 1513 457 1551 pag.
476 1501 543 1540 78.
612 1499 705 1551 Περὶ
732 1498 998 1538 Ἀπολλωνίου
1035 1503 1098 1537 τοῦ
1131 1500 1332 1544 Ἀθηναίου
1359 1498 1525 1547 ῥήτορος.
1545 1518 1596 1524 -
1616 1495 1713 1546 Πρε-

256 1561 401 1610 σβεῦων
422 1561 457 1599 δὲ
477 1563 578 1612 παρὰ
598 1559 765 1612 Σέβηρον
790 1562 829 1600 ἐν
845 1561 969 1615 Ῥώμῃ
999 1560 1062 1598 τὸν
1091 1559 1352 1610 αὐτοκράτορα,
1382 1557 1594 1595 ἀπεδύσατο
1622 1557 1713 1608 πρὸς

251 1622 496 1675 Ἡρακλείδην
509 1622 575 1660 τὸν
594 1625 773 1674 σοφιστὴν
792 1622 854 1660 τὸν
875 1621 968 1673 ὑπὲρ
987 1622 1141 1673 μελέτης
1161 1623 1305 1669 οἰγῶνα·
1329 1621 1388 1657 καὶ
1409 1617 1593 1669 ἀπῆλθεν,
1610 1619 1629 1655 ὁ
1643 1618 1715 1669 μὲν

252 1689 320 1733 τὴν
339 1687 513 1723 ἀτέλειαν
534 1682 763 1736 ἀφαιρεθεὶς,
780 1686 799 1720 ὁ
820 1683 855 1720 δὲ
888 1685 1144 1724 Ἀπολλώνιος
1179 1681 1278 1730 δῶρα
1297 1680 1408 1732 ἔχων.
1430 1678 1655 1722 διαδιδόντος
1676 1679 1715 1717 δὲ

256 1743 576 1797 τοῦ“Ηρακ-λείδου
594 1746 713 1790 λόγον
733 1747 796 1779 οὒκ
816 1743 943 1788 ἀληθῆ
963 1745 1053 1793 ὑπὲρ
1073 1746 1137 1779 τοῦ
1162 1744 1436 1786 Ἀπολλωνίου,
1457 1744 1505 1783 ὡς
1524 1743 1654 1778 αὐτίκα
1673 1740 1715 1786 δὴ

254 1809 508 1860 βαδιουμένου
535 1807 589 1848 εἷς
609 1802 777 1853 Λιβύην,
800 1803 908 1849 ἡνίκα
926 1802 1125 1848 Λεπτίνης
1151 1801 1197 1847 ἧν
1216 1802 1450 1852 αὐτοκράτωρ
1469 1801 1553 1848 ἐκεῖ,
1573 1804 1631 1839 καὶ
1651 1804 1716 1845 τὰς

256 1873 293 1920 ἐξ
310 1871 464 1916 ἁπάσης
480 1876 553 1917 γῆς
568 1869 705 1918 ‹ipsa-019
727 1875 880 1915 συνῆγε,
902 1866 1070 1917 καὶπρὸς
1090 1866 1204 1902 αὑτόν
1224 1863 1404 1905 εἰπόντος·
1427 1862 1525 1914 ’Ὠρα
1546 1879 1604 1901 σοι
1622 1865 1716 1902 α’να-

256 1938 453 1984 γινώσκειν
478 1932 543 1968 τὸν
571 1932 692 1980 πρὸς
720 1927 945 1974 Λεπτίνη
959 1940 992 1967 ν·
1020 1926 1085 1964 Σοὶ
1115 1926 1186 1978 μὲν
1210 1922 1289 1971 οὖν,
1317 1923 1339 1970 ἧ
1360 1923 1388 1961 δ’
1409 1925 1428 1961 ὁ
1447 1925 1717 1973 Ἀπολλώνιος,

257 1996 317 2034 καὶ
332 1997 409 2044 ’γάρ
428 1991 470 2038 δὴ
490 1992 549 2029 καὶ
577 1989 694 2040 ὑπὲρ
723 1997 807 2035 τῆς
835 1990 971 2028 α’τελε
984 1991 996 2026 ί
1010 2005 1034 2025 α
1049 2006 1067 2032 ς
1091 1989 1319 2039 γέγραπται.
1350 1985 1546 2024 TAYLOR.
1603 1987 1718 2025 Petit.

255 2070 346 2109 pag.
367 2056 457 2095 178.
479 2051 664 2090 Priscian.
693 2051 767 2090 col.
799 2054 915 2090 1169.
935 2051 1050 2091 1171.
1081 2051 1198 2087 1182.
1217 2062 1252 2086 ν.
1273 2046 1362 2085 Iud.
1382 2046 1638 2086 Valckenaer.
1667 2049 1718 2087 ad

258 2120 443 2157 Ammon.
462 2127 551 2165 pag.
564 2117 602 2152 8.
618 2116 707 2153 185.
765 2114 985 2152 Casaubon.
1002 2112 1052 2150 ad
1067 2110 1265 2162 Theophr.
1281 2109 1504 2148 Character.
1524 2124 1612 2162 pag.
1627 2113 1716 2153 147.

258 2183 350 2220 163.
406 2176 578 2229 Etymol.
599 2175 656 2213 M.
671 2178 764 2214 448.
778 2178 842 2214 18.
899 2176 1051 2213 Meurs.
1074 2174 1221 2212 Pisistr.
1237 2187 1270 2212 c.
1287 2176 1349 2211 14.
1381 2173 1463 2212 Att.
1489 2173 1602 2213 Lect.
1622 2179 1659 2214 3.
1679 2178 1719 2214 2.

262 2244 315 2282 A.
332 2242 385 2279 A.
408 2242 443 2278 1.
458 2243 497 2278 8.
526 2238 641 2276 Fabr.
662 2237 709 2276 B.
726 2237 778 2276 G.
799 2238 848 2276 T.
868 2242 909 2277 4.
927 2250 1015 2289 pag.
1038 2240 1099 2276 16.
1119 2242 1158 2274 et
1178 2235 1317 2275 eodem
1337 2244 1443 2276 tomo
1464 2236 1513 2274 de
1533 2236 1718 2278 Aristide.

261 2303 395 2341 Vales.
411 2300 462 2338 ad
478 2298 667 2350 Harpocr.
683 2311 773 2351 pag.
786 2302 850 2338 21.
864 2303 929 2339 39.
942 2302 1003 2339 90.
1022 2298 1090 2336 bis.
1108 2300 1198 2337 105.
1214 2300 1303 2339 107.
1360 2299 1555 2336 Maussac.
1573 2312 1612 2350 p.
1625 2302 1718 2340 249.

263 2363 383 2403 Petit.
419 2361 495 2399 Ed.
516 2360 684 2400 Wessel.
716 2374 807 2412 pag.
845 2363 935 2401 103.
971 2362 1059 2399 185.
1094 2361 1185 2401 372.
1257 2360 1314 2398 Η.
1345 2360 1480 2412 Steph.
1502 2359 1577 2398 Th.
1596 2360 1645 2400 L.
1667 2361 1719 2400 G.

264 2424 402 2464 Τ.ΙΙΙ.
418 2423 594 2462 col.691.
641 2423 667 2460 J
672 2422 838 2461 udicium
859 2423 908 2461 de
928 2422 1067 2461 eadem
1086 2434 1204 2459 causa
1221 2421 1279 2459 bis
1300 2421 1503 2473 adipiscier
1520 2422 1718 2462 nonlicet.

265 2486 477 2527 Lindenbr.
494 2484 544 2523 ad
559 2483 717 2523 Terent.
734 2484 891 2524 Phorm.
912 2484 965 2524 II.
982 2487 1019 2523 3.
1076 2482 1272 2522 TAYLOR.
1292 2483 1330 2522 in
1348 2483 1518 2523 schedis.
