1928 3284
228 185 332 233 202

225 301 274 330 καὶ
303 300 415 331 Φωκέων
443 300 532 337 εἶπον,
558 301 600 332 ἵνα
623 305 665 343 μὴ
686 303 825 343 μαθόντες
850 303 964 335 Θηςαιοι
985 306 1258 346 παραφυλάξωνται.
1284 305 1385 338 αὐτοὺς
1415 306 1470 345 γὰρ
1489 303 1678 355 εἰσερχόμενος

225 343 372 380 ἀπολέσω,
389 344 502 379 τούτους
515 345 542 376 δὲ
554 346 649 376 σώσω.
666 347 687 376 οἱ
701 346 729 376 δὲ
743 345 875 377 Ἀθηναῖοι
885 346 1043 382 πεισθέντες
1058 348 1187 400 Αἰσχίνῃ,
1197 347 1402 399 ἐχειροτόνησαν
1413 347 1506 387 τρίτην
1517 345 1676 387 πρεσβείαν,

224 385 383 425 βουλόμενοι
397 386 539 427 μαθεῖν,εἶ
550 389 693 428 φυλάττει
705 388 853 422 Φίλιππος
867 391 906 419 τα
919 388 967 420 ὑπ’
983 390 1116 431 Αἰσχίνου
1132 381 1280 432 λεχθέντα.
1290 390 1337 420 καὶ
1349 389 1517 430 ἐξωμόσατο
1528 388 1676 430 Δημοσθέ-

225 439 278 463 νης,
292 429 375 467 μήτε
384 430 571 470 πρεσβεῦσαι,
584 442 660 471 μητε
674 432 809 466 κοινωνεῖν,
819 432 874 461 εἴτε
884 434 979 466 καλῶς
993 432 1049 462 ε’ίτε
1064 435 1155 466 κακῶς
1171 434 1293 474 πράξει
1284 447 1298 465 η
1313 432 1467 474 πρεσβεία.
1483 444 1530 462 και
1546 432 1612 462 τότε
1626 440 1675 471 φο-

224 470 339 507 βηθεις
328 484 339 501 ο
352 472 496 513 Αἰσχίνης,
508 485 550 512 μη
562 484 631 503 ποτε
643 472 732 513 μένων
746 486 757 502 ο
750 472 944 513 Δημοσθένης
958 473 1079 514 πέμψαι
1092 475 1181 505 πείσει
1192 475 1237 506 τὸν
1246 477 1330 516 δῆμον
1339 477 1398 510 τοῖς
1407 477 1530 506 Φωκευσι
1543 474 1676 511 βοήθειαν,

226 515 461 565 προσεποιησατο,
471 517 505 549 ὡς
516 515 591 553 λέγει
607 515 793 555 Δημοσθένης,
805 516 962 556 ἀρῥωστειν.
976 517 1024 546 καῖ
1036 516 1102 546 τότε
1117 518 1128 547 ὁ
1143 517 1261 558 ἀδελφὲς
1275 520 1360 548 αὐτοῦ
1373 519 1490 559 Εὔνομος
1503 516 1616 548 ἢλθεν
1604 528 1676 558 εχων

226 555 327 597 ἰατρὸν,
343 569 390 586 και
410 557 515 598 ὀμνύων
530 557 573 588 δ’τι
593 559 732 599 ἀρ’ῥωστεῖ
744 559 887 599 Αἰσχίνης·
910 571 958 588 και
974 558 1055 589 αὐτὸν
1070 559 1115 589 τὸν
1129 560 1246 600 Εὔνομον
1260 561 1321 591 ἀντὶ
1337 562 1436 591 τούτου
1451 559 1649 612 ἐχειροτόνησεν
1663 560 1675 589 ὃ

226 598 313 638 δῆμος
331 600 514 640 πρεσβευτην.
529 612 576 630 και
593 599 775 630 ἀπελθόντων
789 601 893 631 τούτων
907 604 963 631 τῶν
976 601 1127 642 πρέσβεων,
1143 604 1177 636 ὡς
1189 603 1349 636 κατέλαβον
1365 603 1514 638 Εὔβοιαν,”
1501 614 1617 633 ηκουσαν
1633 601 1676 632 δ’τι

226 641 338 676 Φωκέας
359 642 582 682 κατεστρέψατο
605 643 774 678 1Φίλιππος,
796 655 843 673 και
865 643 934 683 μετ’
956 644 1092 696 αἰσχύνης
1102 645 1294 686 ὑπέστρεψαν.
1311 646 1448 680 ἐλθούσης
1468 645 1495 676 δὲ
1516 658 1566 679 της
1581 645 1676 686 τρίτης

224 683 370 736 πρεσέείας
383 685 422 718 εἰς
433 687 481 716 τὴν
492 684 636 722 Ἀττικὴν,
656 686 790 738 Αἶσχίνης
808 686 1062 740 αὐτοχειροτόνητος
1076 688 1256 728 ’ω-ρεσβευτης
1270 688 1380 719 ἀπηλθε
1397 689 1461 730 πρὸς
1477 688 1624 723 Φίλιππον,
1641 689 1676 722 ὡς

225 727 303 765 λέγει
320 726 515 767 Δημοσθένης.
537 727 628 757 ἰστέον
643 728 696 758 δὲ’
687 740 730 759 οτι
753 731 834 768 μετὰ
856 731 904 760 τὴν
919 728 1104 781 ’ωρεσβείαν”’
1091 742 1211 764 εκαστος
1225 733 1279 761 τῶν
1299 730 1437 771 πρέσζεων
1451 730 1566 765 εὐθύνας
1581 730 1674 760 ἐδίδου.

225 769 274 809 και
290 772 303 800 ἦ
319 781 373 809 μεν
386 771 481 809 πρώτη
487 770 634 820 πρεσβεία
646 769 792 811 παρέσχεν
805 770 914 806 εὐθύνας
928 771 998 803 οὕτω
1013 775 1116 808 καλῶς,
1131 773 1166 805 ώς
1179 784 1211 803 τε
1228 772 1274 803 τὸν
1289 773 1472 813 Δημοσθένην
1487 773 1608 813 γράψαι,
1623 784 1673 802 κα-

226 807 309 841 λέσαι
327 813 427 846 αὐτοὺς
449 810 496 843 ἐπ’
510 814 629 853 ἄριστον.
651 812 714 846 ἔθος
737 817 789 866 γὰρ
807 827 835 845 ην
856 827 920 849 τους
941 817 1036 849 καλῶς
1058 813 1335 855 πνρεσὲευσαμένους,
1357 816 1394 848 εἰς
1416 816 1546 856 δημόσιον
1565 817 1676 866 ἄριστον

224 853 386 884 καλεῖσθαι.
401 857 534 895 ἀποροῦσι
550 854 577 885 δέ
595 867 675 892 τινες,
692 855 745 892 δ’τι,
762 857 784 886 εἰ
801 855 954 888 ἦωίστατο
970 857 1197 897 Δημοσθένης,”
1181 870 1223 888 οτι
1241 857 1399 898 προδόται
1386 863 1465 894 ἢσαν,
1481 858 1525 888 δια
1541 858 1572 887 τί
1585 856 1674 888 ἐποίη-

225 908 273 926 σεν
287 897 388 931 αὐτοὺς
402 898 539 929 κληθηναι
554 898 592 933 εἰς
607 879 760 938 δημόσιον’
749 899 872 939 άριστον.
889 900 937 930 καὶ
954 899 1084 940 λέγομεν,
1100 900 1142 930 ὅτι
1156 903 1238 939 μετὰ
1252 900 1286 930 τὸ
1300 901 1412 941 ἑίριστον
1425 901 1492 939 ἔγνω
1508 912 1552 930 τον
1566 899 1677 930 cmm-&v

223 939 325 970 αὐτῶν.
342 942 396 970 τῶν
411 940 439 970 δὲ
454 953 505 974 της
519 940 646 980 δευτέρας
662 941 825 981 πρεσβείας,
839 942 918 982 μόνος
933 943 945 972 ό
961 942 1145 982 Δημοσθένης
1161 943 1271 973 δέδωκεν
1284 943 1403 977 εὐθύνας·
1416 943 1571 983 μέλλοντος
1587 943 1614 973 δε
1627 944 1676 973 τοῦ

225 981 358 1034 Αἰσχίνου
372 982 516 1025 παρέχειν,
531 982 638 1014 ἐπέστη
654 983 804 1026 Τίμαρχος
818 997 864 1015 και
881 985 1066 1025 Δημοσθένης
1081 996 1313 1037 κατηγορησοντες
1326 985 1436 1016 τούτου.
1451 986 1498 1016 καί
1514 997 1614 1017 ητησεν
1629 985 1678 1015 Αἰ-

222 1023 322 1065 σχίνης
336 1026 474 1066 ἀνάκρισιν
488 1025 626 1064 γενέσθαι,
643 1038 690 1056 και
715 1028 857 1068 γενομένης
872 1028 1046 1068 ἀνακρίσεως,
1062 1027 1144 1067 ἔδειξε
1164 1028 1311 1070 Τίμαρχον
1333 1040 1512 1070 ηταιρηκοτα,
1530 1029 1576 1058 καὶ
1599 1027 1676 1067 2ἐξέ-

226 1066 314 1099 Βαλεν
328 1069 420 1098 αὐτόν.
435 1068 516 1109 νόμος
530 1071 584 1120 γὰρ
600 1081 628 1099 ην
642 1081 687 1099 τον
702 1070 872 1110 ἡταιρηκότα
885 1083 927 1110 μη
944 1070 1160 1101 πολιτεύεσθαι.
1176 1077 1241 1101 εῑτα
1255 1071 1370 1102 ἐπέστη
1384 1083 1576 1111 κατηγορησων
1593 1072 1604 1101 ὁ
1620 1078 1675 1102 Δη-

222 1108 368 1148 μοσθένης.
385 1111 433 1141 καὶ
446 1110 561 1149 λέγουσί
575 1122 654 1147 τινες,
669 1114 729 1145 πῶς
743 1112 869 1142 ἐνταῦθα
889 1112 1038 1152 μέμνηται
1062 1125 1113 1147 της
1131 1113 1227 1154 τρίτης
1246 1114 1415 1154 πρεσβείας;
1445 1114 1565 1153 λέγομεν
1586 1113 1610 1143 δ’
1633 1113 1676 1143 ἔτι

222 1155 305 1192 μετα
319 1154 383 1193 τρία
396 1153 446 1184 ἔτη
467 1166 518 1188 της
529 1156 649 1206 γραφῆς,
665 1154 820 1185 εἰσηλθεν”
808 1167 882 1196 εχων
896 1158 944 1187 τὴν
962 1155 1138 1196 κατηγορίαν.
1158 1156 1300 1197 γενομένης
1317 1160 1370 1198 γαρ
1393 1170 1443 1192 τνς
1457 1156 1584 1196 δευτέρας
1605 1167 1676 1197 »zv-95-

226 1195 339 1232 σβείας,
362 1194 501 1236 μαθόντες
516 1196 538 1226 οἳ
552 1195 687 1227 Ἀθηναιοι
702 1208 751 1227 την
773 1200 827 1227 τῶν
845 1197 956 1228 Φωκέων
972 1200 1124 1233 ἀπώλειαν,
1140 1198 1346 1237 ἐσκευαγώγουν
1364 1199 1395 1229 ἐκ
1410 1203 1464 1229 τῶν
1479 1201 1577 1239 άγρων,
1591 1200 1638 1228 καί
1652 1198 1676 1228 ἐν

225 1237 326 1277 πολλῷ
340 1237 475 1279 θορύβῳ
461 1244 540 1270 ἦσαν.
563 1250 609 1268 και
627 1240 708 1278 μετα
724 1238 788 1279 τρία
809 1240 856 1272 ἐ’τη
877 1240 1034 1271 εἰσηλθεν
1023 1254 1034 1270 ο
1051 1239 1226 1280 Δημοσθένης
1248 1242 1443 1281 κατηγορησων
1466 1240 1609 1293 Αἰσχίνου,
1630 1253 1677 1271 και

222 1278 300 1320 κρίνει
315 1281 398 1311 αὐτον
412 1281 456 1312 διὰ
472 1281 515 1311 δύο
537 1280 724 1322 ἐγκληματα·
740 1283 783 1312 δια
801 1295 849 1314 την
864 1283 1006 1313 ἀπώλειαν
1027 1294 1081 1312 των
1096 1283 1219 1320 Φωκέων,
1238 1295 1285 1312 και
1303 1284 1348 1314 δια
1364 1282 1526 1324 δωροδοκίαν.
1541 1283 1633 1314 ἰστέον
1648 1284 1676 1314 δὲ

223 1322 267 1353 δ’τι
283 1323 476 1364 προηγούμενόν
493 1323 571 1354 ἔστιν
586 1323 733 1364 ἔγκλημα,
756 1324 798 1354 δ’τι
815 1326 917 1359 Φωκεῖς
939 1326 1119 1356 ἀπολώλασι.
1137 1325 1201 1366 πρὸς
1214 1325 1357 1356 σύστασιν
1371 1326 1384 1345 ³
1394 1326 1421 1356 δὲ
1438 1326 1548 1363 τούτου,
1562 1326 1678 1367 δεύτερον

223 1365 367 1404 4ἀνέκυψε
383 1365 541 1407 ζήτημα,“’
525 1378 568 1396 οτι
592 1365 639 1396 ἐπι
654 1378 802 1407 χρημασιν
811 1367 936 1419 Αἰσχίνῃ
951 1370 1036 1398 τοῦτο
1049 1368 1242 1408 τετόλμηται·
1257 1370 1290 1403 ὡς
1306 1369 1450 1399 σύστασιν
1463 1367 1584 1410 γρνεσθαι
1603 1371 1617 1390 5
1628 1371 1677 1399 τοῦ

224 1408 357 1449 προτέρου
379 1409 562 1448 ἔγκληματος
584 1421 633 1438 του
649 1412 727 1439 κατὰ
743 1409 864 1445 Φωκέας.
881 1411 1021 1450 τεκμηρια
1036 1410 1080 1440 ὅδ’
1092 1410 1157 1441 ἐστι
1183 1423 1232 1441 του
1248 1413 1341 1441 πάλαι
1363 1413 1461 1441 ταῦτα
1475 1401 1676 1452 έσκευωρησθαι

223 1451 272 1480 και
294 1450 622 1487 κατεσκευάσθαι,--δι’
643 1449 679 1481 ὠν
694 1464 761 1491 αμα
784 1463 830 1481 και
853 1463 1012 1493 νω-ροαναιρει
1033 1452 1065 1481 τὸ
1085 1456 1193 1494 χρῶμα
1216 1453 1360 1506 Αἰσχίνου,
1379 1454 1605 1494 καταφεύγοντος
1620 1454 1676 1484 ἐωι

224 1492 342 1531 ἄγνοιαν,
359 1494 407 1524 καῖ
421 1495 641 1533 συγγνώμην-,
654 1505 700 1523 και
717 1494 823 1525 τούτων
836 1498 876 1525 τὰ
887 1495 952 1534 μὲν,
967 1494 999 1524 ἐκ
1019 1498 1072 1525 τῶν
1086 1495 1256 1536 παρειμένων
1271 1497 1378 1536 εἴληφε,
1394 1509 1433 1527 τα
1451 1496 1514 1532 32st
1504 1508 1536 1526 εκ
1551 1499 1605 1526 τῶν
1617 1507 1676 1527 ὀπε-

225 1536 402 1577 πραγμένων.
427 1538 540 1568 συνεῖπε
561 1539 615 1577 γὰρ
642 1539 816 1577 Φιλοκρατει,
844 1538 906 1568 ἄνευ
929 1537 1041 1568 Φωκέων
1063 1539 1194 1579 γράφοντι
1217 1540 1267 1570 τὴν
1292 1539 1398 1579 εἰρηνην·
1417 1539 1463 1569 οὐκ
1477 1538 1600 1572 ἔλαβεν’
1590 1543 1678 1579 ορκους

225 1581 303 1619 παρα
330 1582 484 1610 Θετταλῶν
508 1579 745 1620 συμμαχούντων
769 1579 917 1619 Φιλίππω,
939 1580 965 1609 οἳ
988 1581 1036 1610 οὐκ
1061 1593 1093 1610 αν
1114 1582 1357 1621 συνεστράτευσαν
1375 1582 1421 1612 ἐπῖ
1444 1581 1565 1617 Φωκέας,
1586 1582 1610 1611 εἰ
1628 1592 1679 1622 περ

226 1621 372 1656 δεδωκότες
401 1621 473 1654 ησαν
498 1624 561 1656 τοὺς
584 1621 682 1662 ἕρκους·
709 1621 816 1652 ἐνέδωκε
849 1622 984 1661 Φιλίππω
1015 1622 1125 1664 7χρόνον
1152 1625 1201 1653 τοῦ
1229 1625 1520 1664 «παρασκευάσασθαι
1550 1626 1598 1655 τῆν
1626 1623 1681 1654 {en

720 192 1185 236 ΎΠΟΘΕΣΙΣ.

263 1708 272 1726 ¹
296 1705 473 1741 ὁΦίλιωπος
558 1705 727 1745 ἳέξέβαλον
814 1708 826 1726 ³
851 1708 948 1738 Deest
964 1707 1001 1738 δέ.

438 1751 451 1771 ⁶
476 1751 574 1781 Deest
589 1749 622 1780 δ’.

1088 1708 1099 1727 ⁴
1116 1706 1230 1745 ἐνέκυψε
1339 1711 1351 1729 ⁵
1366 1709 1463 1739 Deest
1478 1708 1633 1739 articulus.

1032 1751 1045 1771 ⁷
1067 1750 1152 1792 χρόνῳ
1168 1751 1465 1793 «παρασκευάσασθαι

269 1834 455 1877 Πεισὲιέντες]
484 1837 566 1866 Male
590 1837 723 1868 Wolfius
751 1837 933 1876 iuterpreta-

226 1882 287 1914 tur,
315 1888 350 1908 ao
378 1879 404 1908 si
431 1880 552 1909 tertiam
582 1880 763 1919 legationem
793 1881 933 1910 suadebat

226 1921 398 1951 AEschines.
442 1923 579 1953 Suadere
596 1923 719 1961 quidem
744 1923 855 1962 potuit,
879 1923 933 1952 sed

225 1973 284 1993 non
300 1974 337 1993 ex
353 1965 400 1994 his
417 1965 518 1994 verbis
535 1965 700 2004 colligitur.
746 1966 874 1995 Tantum
887 1965 934 1994 di-

226 2006 317 2042 eitur,
332 2007 425 2045 quod,
441 2008 513 2037 dum
533 2009 752 2038 Demosthenes
768 2013 835 2037 acta
851 2008 934 2047 lega-

225 2054 326 2078 torum
348 2049 386 2079 de
411 2059 486 2088 pace
509 2050 642 2080 ineunda
668 2051 864 2090 improbaret,
880 2051 933 2079 de-

225 2091 365 2122 fenderet
397 2096 499 2121 autem
529 2093 706 2128 AEschines,
743 2094 812 2122 vicit
848 2093 936 2132 hujus

225 2143 316 2163 causa
342 2140 369 2164 et
396 2135 548 2170 sententia,
575 2136 655 2165 unde
671 2135 795 2176 she-tum
822 2141 875 2170 est,
899 2141 935 2164 ut

228 2177 312 2206 tertio
326 2177 512 2206 mitterentur
528 2178 628 2217 legali.
673 2178 797 2208 Distant
811 2177 877 2207 haec
891 2177 936 2206 in-

227 2223 274 2249 ter
290 2229 322 2249 se
338 2219 512 2258 plurimum.
544 2221 647 2250 IDEM.

271 2262 429 2302 Φυλάττει]
470 2263 597 2292 Rectius
630 2262 831 2302 φυλάττοι
868 2272 934 2292 cum

227 2303 361 2334 Vindob.
406 2305 448 2334 Et
463 2315 546 2339 mox,
563 2304 676 2347 πείσῃ.
702 2307 808 2335 IDEM.

271 2345 434 2387 Ἐξέβαλον]
448 2347 501 2377 i.e.
514 2348 653 2378 Judices.
671 2348 818 2386 Ἐξέβαλον
840 2348 897 2377 ο.1.
910 2358 934 2376 s.

228 2390 320 2420 Bodl.
336 2391 451 2420 interea
465 2389 647 2428 ἐξέβαλεν,
666 2391 752 2429 quasi
766 2391 802 2420 ad
816 2390 936 2420 AEsohi-

227 2443 296 2462 nem
322 2433 433 2462 referre
458 2433 565 2463 voluit.
610 2434 713 2473 Atque
739 2433 783 2463 ita
799 2433 937 2463 Wolfius

227 2476 304 2514 legit
321 2480 351 2505 et
362 2475 716 2515 interpretatur,lectore
733 2486 800 2511 suo,
810 2476 842 2505 id
855 2476 936 2514 quod

229 2518 352 2548 minime
366 2517 481 2553 decuit,
497 2529 555 2548 non
572 2519 735 2548 admonito.
768 2520 874 2548 IDEM.

272 2561 407 2601 Λέγουσι]
432 2562 608 2591 Ζ-ητοῦσι.
630 2561 807 2591 Lambinus.
832 2562 936 2590 IDEM.

272 2603 402 2642 Δεύτερον
428 2602 556 2644 ἓνέκυψε]
582 2603 630 2643 [ut
646 2603 746 2643 Editi]
771 2602 936 2640 ἀνέκυψε

228 2648 307 2685 lego.
355 2649 394 2677 Et
412 2646 517 2686 [paulo
534 2647 619 2687 ame]
648 2645 713 2685 πρός
734 2645 878 2675 σύστασιν
900 2644 936 2675 δὲ

229 2689 340 2719 τούτου.
364 2690 495 2730 [Aberat
518 2689 626 2730 enim.]
645 2690 762 2719 Wom.

271 2733 418 2772 Τεκμήρια
447 2730 470 2761 δ’
497 2730 561 2761 ἐστι
591 2742 620 2761 κ.
636 2743 666 2761 τ.
682 2730 727 2770 λ.]
767 2730 843 2759 Post
873 2730 937 2758 haec

229 2776 323 2804 verba
344 2776 453 2805 deesse
470 2775 612 2805 videntur
633 2785 666 2803 ea
689 2774 784 2813 signa.
828 2772 937 2811 Sequi-

230 2821 280 2847 tur
295 2817 375 2846 enim
390 2828 473 2852 mox,
489 2816 521 2846 δι’
535 2814 570 2846 οἷν
587 2817 664 2856 ἅμα.
699 2817 760 2845 Sed
778 2825 814 2845 ea
829 2825 868 2844 ex
886 2814 936 2849 iis,

229 2870 297 2898 quae
315 2865 491 2899 sequuntur,
508 2865 638 2899 possunt
653 2859 793 2899 intelligi.
841 2858 935 2887 Paulo

229 2907 303 2942 post
317 2902 362 2942 [v.
373 2907 514 2940 antepen.
517 2903 553 2942 ]‘
542 2913 602 2931 ανευ
614 2900 726 2932 Φωκέων
735 2902 879 2941 γράφοντι.
896 2901 936 2929 Et

231 2945 278 2985 [v
287 2945 340 2974 ult.
346 2944 358 2984 ]
373 2943 480 2974 ἐνέδωκε
491 2943 624 2984 Φιλίππω
635 2944 814 2985 xp6vovlege.
833 2944 874 2973 Et
887 2941 934 2982 [v.

231 2990 261 3019 3.
272 2998 302 3027 p.
316 2998 378 3027 seq.
373 2986 397 3028 .]
412 2999 468 3026 μια
485 2999 549 3026 μεν,
565 2987 606 3017 δ’τι
619 2987 736 3020 Θηβαῖοι
753 2987 934 3017 ἀπολουνται.

968 1837 1009 1867 Et
1035 1836 1080 1878 [v.
1097 1838 1126 1867 4.
1131 1836 1144 1876 ]
1162 1836 1260 1866 σώσειν
1275 1838 1328 1875 γὰρ
1349 1836 1449 1870 αὖτους
1463 1835 1544 1877 χάριν
1559 1847 1610 1869 της
1625 1834 1677 1879 πό-

967 1886 1046 1914 λεως,
1070 1884 1103 1909 ut
1119 1879 1209 1908 habet
1226 1879 1409 1914 Felicianus,
1426 1884 1488 1915 aut,
1508 1878 1608 1908 σώσειν
1623 1876 1676 1917 γαρ

967 1923 1058 1951 αὐτῶν
1071 1924 1125 1956 τὰς
1140 1920 1234 1956 πόλεις
1247 1920 1456 1960 ἐπηγγείλατο.
1504 1922 1545 1951 Et
1560 1921 1606 1961 [v.
1627 1923 1655 1950 8.
1661 1923 1674 1962 ]

968 1963 1229 2005 πρεσβευσαμένων
1256 1965 1350 2003 ’περὶ
1380 1965 1466 1994 αὐτοῦ
1489 1966 1543 1993 τῶν
1567 1962 1677 2003 Ἀμφι-

968 2007 1095 2037 κτυόνων.
1133 2008 1173 2036 Et
1189 2007 1233 2047 [v.
1251 2007 1317 2046 11.]
1334 2006 1453 2036 ἁλόντων
1469 2005 1581 2036 Φωκέων
1594 2007 1677 2044 μετὰ

968 2051 1016 2080 τὴν
1030 2048 1196 2089 ἐξωμοσίαν.
1212 2050 1315 2079 IDEM.
1361 2050 1441 2086 Quid
1459 2049 1509 2078 hic
1531 2048 1677 2087 praestitit

968 2093 1112 2126 wolfius,
1135 2091 1243 2121 melius
1265 2092 1403 2121 discetur
1417 2102 1455 2121 ex
1476 2100 1595 2120 vAnns
1621 2101 1676 2120 LE-

969 2144 1166 2170 cnoumus,
1181 2134 1220 2163 ad
1237 2134 1349 2164 calcem
1367 2133 1482 2173 operis.
1527 2133 1675 2169 Quaedam

968 2182 1068 2206 tamen
1095 2181 1164 2206 sunt
1185 2177 1234 2206 hic
1258 2177 1397 2206 dicenda.
1441 2177 1543 2204 Voces
1565 2176 1626 2204 illae
1644 2175 1681 2205 δι’

969 2216 1004 2248 ὧν
1020 2237 1061 2241 -
1077 2219 1244 2258 συγγνώμην
1269 2230 1335 2248 cum
1353 2220 1399 2249 Cl.
1417 2218 1600 2248 Marklando
1623 2228 1676 2257 pa-

969 2262 1104 2291 renthesi
1128 2267 1195 2291 sunt
1210 2262 1423 2298 inciudendae3
1446 2261 1527 2300 quod
1549 2260 1677 2290 difficul-

969 2308 1061 2334 tatem
1077 2304 1168 2342 hujus
1182 2304 1242 2333 loci
1259 2304 1449 2343 aliquatenus
1472 2303 1597 2333 levabit.
1628 2305 1676 2333 lta

971 2347 1049 2376 enim
1083 2347 1304 2385 quodammodo
1342 2348 1417 2376 fluet
1456 2347 1562 2376 Oratio
1581 2357 1587 2374 ι
1630 2356 1678 2374 τε-

970 2389 1075 2429 κμήρια
1098 2389 1125 2419 δὲ
1142 2389 1202 2428 (sc.
1223 2389 1321 2429 signa,
1338 2390 1405 2419 sive
1422 2394 1598 2427 argumenta
1613 2389 1677 2427 pri-

970 2432 1032 2462 oris
1049 2432 1252 2472 Quaestionis)
1269 2451 1310 2455 -—
1322 2433 1362 2462 τὰ
1388 2431 1442 2470 μὲν
1463 2431 1493 2460 ἐκ
1521 2434 1575 2460 τῶν
1597 2442 1676 2470 wap-

970 2473 1082 2514 ειμένων
1097 2492 1139 2498 -—-
1156 2474 1196 2504 τὰ
1211 2474 1240 2504 δὲ
1258 2480 1318 2504 etc.
1364 2475 1484 2504 Deinde
1500 2484 1530 2503 v.
1548 2474 1602 2502 ult.
1618 2484 1674 2512 pro

969 2517 1066 2558 χρόνω,
1083 2517 1286 2547 accuratiores
1299 2517 1469 2551 Editiones,
1483 2516 1614 2545 Manutii
1632 2527 1674 2545 sc.

971 2563 1001 2589 et
1027 2560 1183 2595 Feliciani,
1211 2559 1254 2589 uti
1279 2560 1414 2589 restituit
1438 2569 1506 2588 cum
1530 2558 1674 2587 Lambino

970 2602 1238 2638 Wolfius‚diserte
1250 2601 1357 2642 χρόνο
1367 2613 1389 2630 ν.
1409 2602 1552 2630 Proxime
1563 2605 1676 2634 autem,

971 2644 1184 2685 [v.4.p.seq.]
1199 2654 1295 2682 neque
1308 2654 1375 2673 cum
1388 2644 1468 2673 Aldo
1478 2649 1508 2673 et
1517 2645 1674 2673 Benenato

970 2688 1069 2716 σώσειν
1083 2689 1137 2727 γὰρ
1160 2687 1259 2719 αὐτοὺς
1281 2688 1331 2719 τῆς
1353 2686 1470 2720 πόλεως,
1486 2696 1583 2725 neque
1606 2696 1676 2715 cum

971 2730 1124 2759 Feliciauo
1152 2734 1183 2759 et
1207 2729 1345 2759 Manutio
1366 2729 1448 2769 χάριν
1476 2730 1527 2763 τῆς
1550 2727 1675 2763 «πόλεως,

970 2781 1067 2810 neque
1083 2782 1152 2802 cum
1168 2771 1298 2807 Wolfio,
1314 2771 1413 2800 σώσειν
1434 2773 1487 2810 γὰρ
1509 2771 1599 2800 αὐτῶν
1622 2773 1676 2806 τὰς

970 2813 1084 2849 «πόλεις,
1099 2824 1206 2844 verum
1229 2824 1295 2843 cum
1327 2814 1415 2842 Bodl.
1440 2814 1517 2843 Cod.
1542 2814 1620 2852 Reg.
1645 2825 1675 2842 α.

970 2857 1039 2886 Ital.
1071 2860 1101 2885 et
1128 2857 1259 2886 vindob.
1291 2856 1390 2886 σώσειν
1419 2858 1472 2896 γὰρ
1502 2856 1602 2889 αὐτοὺς
1634 2856 1678 2897 τῇ

969 2898 1078 2928 πόλει
1113 2897 1322 2936 ἐπηγγείλατο.
1369 2900 1496 2928 Demum
1531 2899 1576 2939 [v.
1608 2898 1675 2938 12]

967 2943 1072 2980 μετὰ
1094 2946 1188 2976 recte,
1216 2950 1275 2970 nou
1301 2940 1368 2976 ἐπὶ,
1397 2951 1465 2971 cum
1491 2941 1588 2971 codd.
1614 2942 1675 2970 Irn-

968 2984 1084 3024 pressis
1111 2983 1378 3020 emendatioribus,
1396 2984 1539 3014 Lambino
1567 2983 1674 3013 simili-

1704 552 1781 586 338

1705 1241 1783 1276 339
