1928 3284
247 205 356 253 358

247 320 380 370 Major
398 325 524 358 autem
542 325 646 366 natu,
661 320 877 371 Aphepsi0‚
901 323 1107 371 συνήγορον
1123 320 1262 359 habuit
1282 318 1571 364 Phormionem,
1592 318 1692 356 Ora-

246 387 367 419 torem
383 387 410 419 :¹¹
437 382 574 429 minor,
596 382 823 432 Ctesippus‚
846 382 1164 428 Demosthenem,
1187 383 1267 432 qui¹
1285 394 1463 420 caussam
1492 386 1694 429 receperat

244 443 305 480 vel
324 443 725 493 propter‘Rempubl„
747 443 808 480 vel
837 442 1029 488 mercede,
1052 444 1120 493 qui
1141 449 1222 481 tum
1243 455 1324 480 mos
1343 447 1438 488 erat,
1458 442 1520 479 vel
1540 441 1695 479 vinculo

246 503 378 541 nescio
399 517 477 554 quo
494 517 582 543 cum
603 504 670 541 illo
685 503 950 553 conjunctus.v
1004 504 1051 541 In
1071 517 1149 554 quo
1162 505 1203 542 id
1222 504 1394 542 mirabile
1409 503 1568 548 accidit,
1586 503 1694 554 quod

244 565 286 602 in
317 570 394 603 tam
423 566 537 615 longa
557 565 744 603 Oratione
770 578 817 602 ne
843 565 959 603 semel
978 565 1133 615 quidem
1163 566 1318 603 clientis
1338 577 1478 603 nomen
1507 564 1694 615 legimus:

247 626 371 664 sicubi
397 626 650 664 nominandus
675 631 769 671 erat,
798 626 979 664 Chabriae
1014 625 1114 664 filius
1144 631 1337 664 vocatur.W
1394 625 1471 664 Sed
1507 625 1592 675 ejus
1622 625 1693 675 rei,

247 700 336 738 quae
358 693 519 738 propter
539 699 713 725 caussam
741 687 856 725 hodie
876 700 1033 737 prorsus
1053 688 1223 738 ignotam
1250 686 1334 724 fieri
1359 687 1498 736 potuit,
1521 687 1551 724 si
1578 687 1695 725 modo

245 749 324 786 ulla
353 749 401 785 de
427 761 577 793 caussa,
597 754 636 785 et
663 761 738 785 non
758 748 919 786 fortuito
945 748 1075 798 potius
1100 748 1206 786 facta
1234 753 1303 792 est,
1326 748 1426 797 ejus,
1449 747 1620 797 inquam,
1640 748 1695 785 rei

244 810 412 848 rationes
433 822 596 859 operose
613 809 815 859 exquirere
835 810 949 855 velle,
969 809 1136 847 alienum
1156 809 1259 847 duco
1280 815 1321 846 et
1346 821 1469 858 prope
1489 808 1696 858 ineptum.x

248 869 400 908 Sufficit
420 876 563 915 tenere,
587 870 693 921 quod
722 883 768 908 ex
788 870 958 920 Ulpiano
978 876 1017 908 et
1036 870 1191 908 aliunde
1210 868 1494 919 cognoscimus,
1520 869 1696 918 Ctesippi

246 946 388 971 nomen
408 932 551 971 homini
570 932 717 971 fuisse.y
771 933 823 970 Et
850 932 1040 983 quidquid
1071 939 1142 979 est,
1170 933 1219 971 ab
1239 933 1324 983 ipso
1342 938 1516 978 auctore,
1550 933 1696 969 Demo-

673 212 830 255 FRID.
863 214 1003 256 AUG.
1035 213 1258 255 WOLFII

245 1062 392 1093 tissimus.
437 1064 484 1092 Eo
508 1062 641 1103 denique
668 1062 820 1101 processit
841 1062 954 1101 impro-

245 1106 361 1142 bitatis,
376 1110 420 1141 ut,
443 1116 532 1144 quum
551 1108 627 1135 bona
651 1115 706 1134 sua
721 1105 821 1134 omnia
843 1106 954 1144 prode-

988 1062 1036 1091 καὶ
1064 1061 1126 1092 τὸν
1155 1062 1242 1102 weg?
1279 1063 1344 1091 τῶν
1375 1062 1560 1096 ἀτελειῶν,
1583 1061 1627 1092 διὸ,
1650 1061 1697 1090 τόν

988 1104 1104 1144 Χοιζρίου
1119 1106 1230 1140 παῖδα,
1253 1105 1437 1140 Κτήσιππον,
1449 1104 1484 1138 ὥς
1497 1112 1580 1143 φησιν
1600 1105 1694 1138 αὐτός’

245 1148 354 1188 gisset,
370 1149 458 1178 etiam
483 1148 603 1187 lapides
631 1148 811 1177 divenderet
837 1148 875 1177 de
891 1158 954 1176 mo-

245 1195 401 1227 numento,
436 1192 517 1229 quod
554 1190 635 1230 patri
674 1190 812 1228 Populus
843 1190 953 1219 Athen.

243 1234 383 1272 impensa
412 1237 494 1263 1000
517 1234 730 1263 drachmarum
747 1237 952 1263 exstruxerat.

244 1277 323 1306 Inde
340 1287 448 1306 nomen
474 1278 540 1315 ejus
554 1277 634 1315 apud
651 1275 805 1310 comicos,
820 1276 878 1305 etsi
892 1280 955 1305 tum

246 1320 404 1349 modestos
427 1324 458 1349 et
473 1319 596 1349 minime
618 1318 798 1353 maledicos,
826 1319 855 1347 iu
883 1329 954 1357 pro-

245 1362 384 1392 verbium
400 1362 506 1399 cessit,
516 1367 547 1391 et
557 1362 780 1401 quodammodo
797 1371 955 1391 commune

243 1406 357 1435 factum
380 1411 426 1434 est
443 1409 606 1434 asotorum.
652 1405 761 1443 Neque
786 1414 858 1434 vero
873 1405 955 1434 Pho-

244 1449 306 1484 cio,
341 1448 471 1477 hominis
514 1447 687 1486 corrigendi
727 1456 800 1476 cura
829 1451 955 1486 propter

246 1501 379 1521 amorem
395 1491 491 1529 patris
508 1495 662 1529 suscepta,
680 1490 844 1538 quidquam
870 1490 955 1519 vide—

244 1538 294 1563 tur
309 1533 443 1564 valuisse
466 1533 504 1562 ad
535 1533 601 1574 ejus
628 1532 829 1573 pervicaciam
857 1542 954 1570 expu-

248 1577 407 1625 guandam.
452 1576 513 1605 Sed
531 1577 596 1605 haec
622 1576 732 1609 omnia,
751 1585 817 1604 mea
833 1574 954 1613 quidem

245 1619 404 1654 sententia,
432 1624 503 1658 post
529 1624 650 1657 tempus
676 1618 764 1656 hujus
796 1616 953 1648 Orationis

245 1662 437 1697 acciderunt,
475 1663 562 1700 cujus
598 1667 747 1700 tempore,
777 1660 864 1699 plane
895 1671 954 1690 non

244 1705 365 1741 dubito,
381 1704 455 1744 quin
465 1705 631 1743 Ctesippus
644 1703 739 1742 prima
751 1703 850 1732 adhuc
865 1707 953 1733 aetate

243 1748 348 1784 fuerit,
365 1753 395 1777 et
417 1747 551 1786 ambigui
574 1746 698 1786 ingenii.
745 1746 816 1775 Huc
838 1750 869 1775 et
895 1746 954 1775 alia

246 1802 295 1821 me
311 1791 479 1826 deducunt,
497 1794 527 1820 et
543 1790 614 1819 anni
638 1793 808 1828 poetarum,
820 1798 896 1827 quos
912 1789 954 1818 ci-

244 1834 319 1864 tavi.
373 1834 517 1863 Ceterum
542 1833 643 1872 ipsum
674 1842 793 1871 quoque
822 1835 953 1870 patrem,

245 1876 420 1912 Chabriam,
433 1875 553 1906 nomine
564 1873 715 1913 ἀσελγείας
724 1875 842 1905 notavit
852 1874 954 1904 Theo-

243 1930 348 1960 pomp.
366 1920 397 1949 iu
414 1918 612 1957 Philippicis,
631 1923 708 1948 teste
734 1917 843 1947 Athen.
870 1917 952 1948 XII.

242 1975 276 2003 p.
289 1964 361 1993 532.
378 1963 431 1998 B.‚
454 1962 548 2001 quod,
569 1966 603 1991 ut
625 1962 684 1991 alia
699 1960 835 2001 ejusdem
852 1961 954 1990 Theo—

243 2006 360 2046 pompi,
384 2005 415 2034 in
442 2005 580 2035 libellum
598 2015 685 2034 suum
707 2003 863 2034 transtulit
879 2003 954 2034 Cor-

244 2049 345 2079 nelius
358 2049 476 2088 Nepos.

288 2097 303 2113 ¹¹
321 2093 430 2130 Itaque
456 2095 582 2131 propter
620 2090 754 2119 ordinem
783 2090 893 2126 aetatis,
922 2090 953 2119 in

244 2135 311 2164 foro
343 2133 448 2164 Attico
474 2134 679 2168 observatum,
706 2138 736 2162 et
762 2132 823 2170 ipsi
852 2133 954 2171 Aphe-

243 2177 347 2216 psioni
369 2181 400 2206 et
416 2177 511 2206 actori
538 2177 604 2214 ejus
628 2176 799 2204 debebatur
813 2175 954 2214 priorlo-

244 2229 300 2249 cus
316 2219 452 2255 dicendi,
470 2220 483 2249 ἦ
501 2217 688 2258 πξωτολογῖα..
735 2217 807 2247 Vid.
826 2218 952 2257 Argum.

244 2266 357 2292 nostrae
374 2263 459 2292 Orat.
475 2267 506 2291 et
521 2261 728 2296 Androtianae,
745 2264 777 2289 et
793 2261 870 2290 conf.
889 2260 955 2290 Ho-

244 2308 319 2334 tom.
333 2305 370 2334 ad
387 2305 452 2335 Cic.
470 2303 575 2334 Divin.
598 2304 628 2333 in
644 2303 748 2333 Caecil.
764 2313 791 2333 c.
811 2305 860 2334 15.
906 2305 954 2333 De

244 2347 441 2383 Phormione,
458 2346 577 2381 dubito,
594 2357 630 2376 un
657 2346 736 2375 ullus
752 2350 864 2384 praeter
889 2347 953 2376 No-

246 2396 342 2420 strum
372 2395 462 2420 vetus
490 2393 594 2419 auctor
624 2390 808 2419 mentionem
835 2389 954 2419 habeat.

245 2435 288 2463 Et
300 2433 368 2472 quis
382 2433 521 2468 miretur,
538 2432 567 2461 in
581 2437 662 2461 tanta
678 2433 766 2461 turba
782 2433 956 2467 Oratorum,

244 2486 335 2515 quam
350 2476 403 2506 illa
418 2480 490 2505 aetas
507 2474 589 2510 tulit,
606 2474 751 2513 plurium,
776 2485 873 2513 neque
890 2478 952 2504 tum

246 2520 458 2554 obscurorum,
472 2518 592 2547 nomina
607 2518 658 2547 vel
685 2518 847 2546 obscurata
877 2527 954 2552 esse,

244 2562 294 2591 vel
308 2572 435 2600 prorsus
449 2560 664 2591 intercidisse?
679 2559 850 2599 praesertim
867 2559 891 2588 si
905 2559 958 2598 qui

245 2604 321 2634 nihil
340 2604 457 2644 scripto
472 2604 675 2633 mandassent.
720 2603 761 2632 At
776 2602 833 2631 hoc
850 2607 953 2640 poste-

244 2647 309 2677 rius
332 2657 369 2676 an
403 2648 441 2676 ad
473 2646 688 2677 Phormionem
716 2650 747 2674 et
782 2644 859 2673 hanc
887 2646 952 2682 ejus

247 2690 426 2719 Orationem
442 2690 605 2729 pertineat,
622 2687 775 2727 ambigere
796 2687 868 2716 licet
882 2697 951 2725 pro-

245 2738 315 2772 pter
346 2734 586 2772 Hermogenem,
623 2731 676 2760 tali
705 2731 796 2760 modo
825 2730 952 2768 loquen-

246 2781 306 2805 tem
332 2775 352 2804 l.
370 2786 410 2811 c.‚
435 2780 468 2805 ut
494 2775 564 2814 ipsa
590 2774 635 2804 illi
660 2784 723 2813 prae
751 2782 841 2803 manu
858 2773 953 2803 fuisse

247 2818 399 2847 videatur.

289 2866 302 2880 v
316 2861 350 2890 Id
366 2861 520 2890 vinculum
547 2860 620 2889 olim
647 2859 782 2889 nonnulli
798 2863 953 2899 putarunt,

250 2914 381 2932 amorem
408 2903 513 2933 matris
541 2903 682 2941 Ctesippi
710 2902 814 2931 suisse.
876 2903 952 2931 Rem

247 2951 348 2974 nirrat
374 2946 531 2976 Plutarch.
549 2946 578 2975 in
603 2945 673 2975 Vita
700 2940 862 2974 Demosth.
861 2944 902 2995 §.
919 2943 952 2973 ιε’.

247 2987 297 3018 Τὸν
319 2989 398 3019 κατὰ
423 2987 650 3029 Ἀριστογείτονος
679 2986 764 3022 αὐτὸς
788 2984 952 3025 ἠγωνίσατο,

989 1148 1023 1180 ὡς
1038 1147 1061 1176 δ’
1074 1148 1132 1178 ἔνιοι
1155 1148 1281 1185 λέγουσι,
1303 1148 1351 1177 τῆν
1365 1146 1477 1186 μητέρα
1495 1148 1545 1176 ’τοῦ
1560 1145 1696 1176 νεανίσκου

988 1191 1140 1230 μνώμενος·
1164 1191 1193 1220 οὐ
1207 1192 1263 1229 μὴν
1277 1189 1366 1228 ἔγημε
1378 1190 1494 1224 ταύτην,
1505 1191 1584 1219 ἀλλὰ
1600 1189 1696 1228 Σαμίᾳ

988 1233 1040 1262 τινὶ
1053 1244 1081 1262 κ.
1097 1245 1126 1262 τ.
1139 1238 1168 1262 λ.
1213 1233 1301 1262 Conf.
1317 1231 1428 1270 Ulpian
1444 1232 1480 1261 ad
1498 1232 1583 1262 Orat.
1599 1232 1696 1271 §.15¹-

989 1276 1031 1305 At
1055 1275 1129 1305 nihil
1156 1276 1245 1314 hujus
1260 1274 1306 1304 rei
1327 1275 1421 1304 habet
1449 1274 1618 1304 Dinarchus
1641 1275 1695 1304 Or.

989 1323 1096 1348 eontra
1110 1319 1270 1348 Demosth.
1297 1328 1327 1356 p.
1345 1319 1411 1352 74„
1429 1317 1479 1346 abi
1503 1317 1656 1347 orationes
1678 1328 1696 1346 a

988 1361 1104 1390 Nostro
1129 1361 1207 1390 dicit
1236 1360 1376 1390 mercede
1407 1360 1597 1399 conscriptas
1627 1371 1694 1389 esse

989 1402 1058 1443 ὑπὲξ
1076 1403 1256 1434 Κτησίππου
1279 1403 1326 1432 καὶ
1352 1401 1500 1443 Φοξμίωνος
1524 1403 1570 1432 καὶ
1598 1402 1695 1442 {rigam

989 1449 1109 1477 πολλῶν.
1155 1447 1255 1483 Quem
1284 1447 1383 1475 locum
1420 1446 1479 1474 huc
1502 1445 1693 1484 potissimum

989 1490 1100 1525 refero,
1116 1490 1190 1518 nihil
1203 1493 1338 1518 moratus
1357 1487 1480 1517 Reiskii
1504 1488 1694 1518 animadver-

990 1532 1115 1567 sionem,
1146 1531 1266 1562 tametsi
1290 1541 1348 1560 non
1368 1531 1514 1569 negarim,
1540 1532 1640 1560 forsan
1662 1531 1692 1560 in

989 1574 1058 1604 aliis
1094 1585 1215 1614 quoque
1247 1573 1374 1609 caussis,
1402 1584 1476 1612 quas
1507 1573 1694 1612 ignoramus,

989 1617 1138 1656 Ctesippo
1163 1617 1263 1647 eidem
1279 1617 1515 1646 Demosthenem
1533 1627 1566 1646 se
1581 1615 1695 1656 συνήγο-

987 1670 1026 1699 ρον
1051 1660 1233 1699 praebuisse.
1290 1659 1372 1697 Quid
1407 1660 1529 1689 autem?
1569 1658 1695 1688 Nihilne

987 1712 1103 1732 caussa)
1114 1703 1172 1732 suit
1197 1702 1362 1738 Dinarcho,
1378 1712 1432 1731 cur
1447 1702 1524 1731 duos
1549 1701 1627 1731 istos
1654 1711 1694 1731 ex

987 1750 1034 1775 tot
1049 1746 1118 1776 aliis
1129 1744 1310 1775 nominarit?
1354 1745 1452 1774 Immo
1467 1747 1570 1783 putem
1589 1743 1694 1774 fuisse.

989 1788 1081 1818 Certe
1105 1788 1312 1822 Phormioffis,
1334 1787 1386 1826 qui
1411 1787 1554 1817 Pasionis
1578 1786 1637 1817 fuit
1658 1787 1695 1817 li-

988 1832 1104 1868 bertus,
1128 1836 1159 1861 et
1185 1831 1326 1860 diversus
1352 1830 1432 1859 haud
1462 1829 1555 1859 dubie
1586 1830 1622 1859 ab
1647 1840 1698 1866 eo,

988 1874 1041 1913 qui
1057 1874 1085 1904 in
1103 1875 1156 1904 Or.
1172 1873 1248 1913 ὑπὲρ
1261 1871 1361 1902 δανείου
1374 1873 1588 1911 compellatur,
1598 1873 1698 1902 Phor-

987 1917 1096 1947 mionis
1119 1917 1212 1956 igitur
1237 1916 1318 1945 illius
1334 1915 1535 1954 patrocinium
1550 1915 1697 1945 dedecori

987 1960 1084 1989 fuisse
1116 1962 1242 1994 Nostro,
1267 1963 1350 1998 patet
1373 1969 1412 1988 ex
1441 1958 1525 1987 Plut.
1549 1957 1570 1988 l.
1601 1968 1641 1993 c.‚
1665 1962 1697 1987 et

987 2003 1147 2041 probabile
1178 2002 1266 2032 nobis
1295 2002 1328 2031 fit
1351 2011 1391 2030 ex
1421 2001 1489 2040 ipsa
1519 2002 1605 2030 Orat.
1639 2010 1697 2038 pro

987 2046 1170 2076 Phormione
1186 2055 1216 2085 p.
1231 2046 1303 2076 958.
1317 2049 1348 2074 et
1359 2044 1477 2074 duabus
1486 2054 1570 2083 seqq.
1582 2042 1613 2073 in
1628 2044 1695 2072 Ste-

988 2089 1130 2128 phanum.

1028 2132 1169 2171 wVid.§.
1185 2131 1218 2160 ἐι.
1241 2129 1287 2169 ιζ’.

1030 2178 1047 2194 ¹
1062 2175 1151 2213 Apud
1173 2174 1282 2203 Athen.
1310 2173 1365 2202 lv.
1390 2183 1423 2211 p.
1441 2172 1512 2202 166.
1528 2173 1565 2201 Β.
1585 2175 1631 2201 est
1647 2181 1696 2201 su-

989 2216 1097 2255 spicio,
1113 2216 1238 2253 juvenis
1251 2226 1358 2245 nomen
1376 2217 1413 2244 ab
1427 2215 1556 2244 Oratore
1566 2214 1696 2243 celatum

988 2259 1025 2288 de
1058 2259 1208 2289 industria
1232 2269 1298 2289 esse
1316 2259 1354 2288 ob
1385 2259 1452 2296 ejus
1480 2256 1633 2296 publicam
1657 2267 1696 2286 ex

989 2302 1122 2332 moribus
1134 2302 1295 2331 infamiam.
1341 2302 1412 2331 Nou
1433 2300 1464 2329 id
1487 2300 1628 2339 equidem
1649 2309 1696 2329 ar-

987 2349 1129 2384 roganter
1143 2345 1262 2383 rejicio,
1285 2344 1338 2374 sed
1365 2343 1528 2373 admodum
1555 2342 1696 2372 dubitare

988 2398 1036 2417 me
1057 2388 1153 2417 fateor
1178 2392 1305 2427 propter
1333 2396 1379 2420 ea,
1402 2395 1469 2425 quae
1494 2385 1598 2423 paullo
1628 2388 1696 2414 ante

988 2431 1026 2459 de
1042 2429 1232 2468 temporibus
1259 2429 1381 2468 scripsi.
1440 2427 1570 2457 Penitus
1593 2427 1697 2466 suspi-

989 2473 1108 2502 cionem
1137 2473 1238 2512 rejicit
1265 2472 1390 2509 Ulpian.
1425 2470 1463 2500 ad
1498 2471 1583 2500 Orat.
1615 2470 1641 2509 §.
1666 2469 1696 2498 ά.

992 2515 1053 2552 Qui
1077 2526 1165 2554 quarn
1189 2515 1255 2555 ipse
1282 2515 1370 2544 affert
1384 2514 1541 2549 rationem,
1557 2522 1592 2541 ea
1609 2511 1696 2541 satis-

991 2558 1093 2588 facere
1123 2560 1251 2588 sortasse
1282 2556 1433 2587 vibebitur
1462 2555 1514 2590 iis,
1543 2554 1596 2593 qui
1631 2564 1694 2583 rem

987 2601 1065 2630 sorte
1091 2600 1157 2630 fieri
1189 2600 1326 2640 potuisse
1352 2597 1502 2638 negarint.
1557 2597 1636 2626 Nam
1664 2602 1697 2626 et

988 2643 1060 2672 alibi
1096 2644 1146 2682 leg
1135 2644 1226 2673 imus
1262 2653 1373 2682 pueros
1403 2646 1434 2671 et
1470 2639 1696 2674 adolescentes,

987 2686 1144 2716 nullodum
1196 2696 1252 2715 suo
1297 2684 1405 2714 merito
1455 2683 1564 2717 claros,
1602 2682 1696 2721 vulgo

988 2738 1048 2758 nou
1073 2729 1149 2764 suis,
1178 2729 1232 2758 sed
1253 2732 1373 2768 patrum
1397 2725 1569 2755 nominibus
1591 2725 1696 2764 appel-

988 2771 1074 2800 latos.

1030 2813 1111 2847 ssis,
1132 2823 1209 2852 quos
1234 2816 1329 2843 testes
1345 2811 1417 2842 dedi
1435 2811 1464 2840 in
1489 2809 1697 2840 antecedenti-

987 2857 1045 2886 bus
1063 2855 1153 2890 notis,
1170 2856 1290 2886 accedit
1306 2854 1435 2884 Aristid.
1452 2854 1591 2883 Declam.
1604 2854 1697 2891 Lept.

988 2899 1013 2939 ᾗ.
1031 2900 1102 2928 107.
1149 2899 1218 2928 Etsi
1240 2898 1282 2928 ibi
1306 2897 1477 2935 Καλλίππῳ
1507 2895 1601 2925 estin
1619 2895 1696 2924 Cod.

988 2943 1083 2971 Marc.
1119 2941 1218 2971 Recte
1249 2941 1328 2970 vidit
1353 2939 1526 2975 Mmellius,
1557 2938 1630 2978 quid
1658 2938 1695 2967 li-

987 2984 1087 3016 bmrio
1099 2988 1166 3014 ante
1179 2983 1286 3014 oculos
1302 2983 1404 3013 fuerit.
