1928 3284
667 212 1124 254 PROLEGOMENA.
1599 217 1624 252 5

170 321 290 355 ctione
302 320 431 355 harum
442 318 657 353 orationum
669 318 808 352 deliniri
825 318 1049 362 poterit,non
1064 317 1122 351 ille
1135 315 1336 350 istiusmodi
1355 317 1472 349 auctor
1481 315 1627 349 itatibus

169 375 371 420 quidquam
385 372 683 410 commovebitur.

220 430 352 472 Causa,
420 440 451 463 ιε
477 429 513 463 in
534 427 715 472 judicium
745 428 950 466 deducitur,
975 429 1051 460 crat
1080 424 1300 470 hujusmodi.
1351 425 1437 459 Post
1466 424 1627 468 praelinm

172 485 426 526 charone-nse,
442 484 540 529 quod
557 494 601 518 ea
614 483 825 518 infelicitate
841 485 983 527 gestum
995 483 1083 524 erat,
1096 491 1206 526 quam
1218 490 1344 515 omnes
1356 480 1487 521 sciunt,
1503 479 1566 523 qui
1583 480 1630 512 ‹le

173 536 327 575 Graeciae
343 539 496 574 fortunis
509 538 645 583 aliquid
658 538 912 579 inaudivcrint,
929 536 1114 572 moenibus
1128 535 1226 571 urbis
1237 535 1439 570 reficiendis
1455 533 1633 580 praeponi-

170 595 232 627 ιω·
255 593 530 635 Demosthenes,
560 594 634 627 sive
663 593 752 628 illud
781 592 923 628 Munus
951 596 988 627 ct
1015 592 1286 636 Magistratum,
1315 591 1392 625 sive
1419 591 1632 633 λειτουργίαν

170 647 356 692 quandam
384 652 421 683 et
437 648 798 683 Ailministrationem
820 646 1006 689 leviorem,
1030 647 1088 681 vel
1114 646 1355 681 Funetionem
1381 645 1564 689 appellare
1582 643 1634 678 sas

170 700 228 736 sit.
275 703 457 738 Praeterea
473 703 643 744 Qua-sior
656 705 733 737 crat
745 702 961 743 Theatralis,
985 704 1040 736 ἐπὶ
1064 706 1111 746 τῷ
1127 704 1274 746 θεωρικῷ
1289 699 1520 742 constitutus,
1537 697 1636 744 quod

171 755 326 791 officium
340 756 377 791 iu
389 757 624 792 commodiori
642 758 723 792 loco
740 768 884 802 expono
901 757 1079 792 disertius.
1106 756 1176 791 His
1191 755 1402 790 muneribus
1417 764 1531 799 quum
1544 763 1636 798 pra:-

171 812 267 847 clare
295 812 442 848 functus
465 814 512 848 sit
540 813 820 855 Demosthenes,
846 813 1032 858 praecipue
1062 822 1161 856 vero,
1187 811 1286 856 quod
1314 811 1352 845 in
1376 810 1438 844 illo
1465 817 1636 853 magnam

171 870 311 911 partem
328 868 477 913 privatis
491 869 673 903 sumtibus
689 867 914 910 confecisset,
931 867 1087 912 ideoque
1112 867 1206 900 bene
1224 866 1270 900 de
1288 863 1493 909 Republica
1509 861 1638 897 mereri

171 921 366 966 videretur,
392 923 567 968 Ctesipho
594 924 755 968 quidam,
787 923 926 957 amicus
953 925 991 956 et
1016 921 1160 965 adjutor
1187 920 1225 954 in
1253 919 1458 964 Republica
1485 915 1640 951 admini-

169 977 330 1020 stranda,
348 977 395 1012 ad
411 978 585 1012 Senatum
612 979 747 1020 retulit,
764 977 819 1011 uti
838 977 1076 1011 Demostheni
1105 976 1231 1018 gratiae
1248 974 1406 1019 publicae
1422 972 1641 1007 haberentur

172 1030 222 1065 ob
236 1032 365 1065 sedulo
381 1035 551 1066 navatam
568 1042 727 1076 operam,
752 1031 904 1076 ejusque
922 1033 1099 1076 perpetua
1116 1031 1151 1063 in
1170 1030 1211 1064 P.
1226 1029 1274 1064 A.
1291 1027 1429 1068 merita,
1454 1027 1580 1070 utique
1606 1025 1639 1059 ei

173 1085 318 1121 Corona
332 1086 455 1120 Aurea
470 1086 747 1126 deccrneretur;
770 1087 867 1130 quod
884 1087 960 1118 erat
972 1083 1140 1118 Civitatis
1156 1093 1242 1126 erga
1257 1084 1372 1117 bonos
1388 1081 1498 1116 Cives
1514 1081 1642 1115 Hono-

172 1141 222 1175 ris
246 1144 284 1175 et
306 1143 522 1185 εὐχαριστίας
547 1140 734 1185 publicum
754 1143 791 1173 ct
818 1139 1019 1173 maximum
1043 1140 1310 1182 argumentum.
1360 1135 1430 1170 Isti
1448 1135 1641 1180 Rogationi

175 1196 316 1230 obstitit
332 1195 527 1230 AEschincs
547 1194 732 1229 luculenta
747 1205 791 1229 ca
807 1193 997 1233 Oratione,
1022 1203 1132 1237 quam
1157 1191 1264 1226 hodie
1287 1202 1326 1225 es
1351 1191 1520 1225 lecturus.
1570 1190 1642 1224 Le-

174 1250 322 1286 vissima
344 1251 491 1295 quidem
510 1250 644 1292 Causa,
660 1261 744 1294 quae
762 1260 856 1291 eam,
873 1258 983 1293 quam
1001 1248 1091 1287 dixi,
1109 1246 1422 1291 exspectationem
1445 1246 1642 1286 eiere,tan-

176 1307 326 1350 tamque
352 1304 598 1350 eloquentiam
625 1304 858 1349 suppeditare
882 1305 1035 1348 poterat.
1086 1302 1122 1336 V
1124 1313 1227 1337 erum
1253 1301 1365 1336 totius
1390 1301 1643 1335 Contentionis

174 1360 340 1395 Fortuna
363 1370 435 1394 non
461 1359 499 1393 in
515 1359 650 1393 corolla
674 1361 737 1392 aut
763 1362 859 1393 serto
883 1358 1028 1392 duabus
1044 1358 1191 1401 virgulis
1213 1356 1387 1399 oleaginis
1414 1355 1509 1390 sacto
1526 1357 1643 1401 posita

176 1424 267 1456 esse,
283 1413 347 1447 sed
361 1413 407 1448 ad
424 1413 618 1448 Civitatem
633 1413 749 1458 ipsam
767 1414 954 1458 totamque
968 1412 1099 1457 Remp.
1116 1413 1280 1456 spectare
1295 1410 1497 1445 videbatur.
1546 1411 1643 1444 Nam

176 1472 260 1514 post
281 1468 391 1503 fatale
414 1468 504 1503 illud
530 1468 694 1513 praelium
721 1468 768 1502 ad
796 1468 1047 1509 Chaeroneam,
1072 1468 1108 1502 in
1124 1477 1196 1512 quo
1214 1466 1374 1511 Philippi
1391 1466 1553 1500 Fortuna
1570 1465 1645 1500 De-

178 1521 380 1558 mosthenis
395 1523 556 1557 Consilia
584 1523 800 1567 profligavit,
829 1533 914 1558 cum
931 1522 1068 1558 Civitas
1086 1522 1132 1556 de
1157 1522 1284 1556 Salute
1301 1531 1407 1566 paene
1423 1521 1644 1565 desperaret,

176 1577 352 1622 flagrabat
374 1577 507 1612 Orator
530 1578 728 1612 multorum
753 1577 899 1612 invidia.
949 1577 1136 1623 Expertus
1164 1578 1230 1619 est,
1251 1578 1294 1610 ut
1321 1577 1372 1610 ait
1400 1576 1460 1610 illc
1487 1575 1532 1610 dc
1559 1575 1644 1610 Cor.

181 1633 353 1667 ἀπόνοιαν
369 1633 528 1675 Susidis,
543 1635 772 1678 συκοφαντίαν
788 1632 1014 1675 Philocratis,
1034 1633 1162 1677 μανίαν
1176 1631 1335 1666 Diondae
1352 1633 1390 1665 et
1410 1629 1566 1671 Melani,
1582 1630 1647 1675 qui

181 1686 273 1722 nihil
289 1687 510 1722 intentatum
535 1688 771 1733 reliquerunt,
790 1699 915 1723 verum
944 1691 1086 1734 γραφὰς,
1113 1689 1270 1728 εὐθύνας,
1296 1687 1518 1731 εἰσαγγελίας,
1533 1687 1650 1719 totam

179 1742 337 1787 denique
354 1742 438 1777 Fori
454 1742 570 1778 Attici
587 1746 807 1777 armaturam
822 1742 935 1788 capiti
952 1742 1033 1787 ejus
1048 1742 1320 1777 minitabantur.
1371 1739 1464 1783 Ejus
1480 1739 1530 1774 rei
1547 1739 1650 1773 testis

179 1799 237 1831 ent
253 1797 471 1832 Plutarchus
495 1797 532 1832 in
549 1798 643 1832 vita:
671 1800 752 1832 Τότε
776 1798 808 1832 δὲ
826 1802 889 1840 τῆς
915 1799 1060 1842 ἀτυχίας
1085 1801 1156 1837 τοῖς
1166 1798 1313 1837 ’Ἕλλησι
1338 1795 1521 1841 γενομένης
1536 1796 1565 1828 οὶ
1587 1797 1649 1838 μὲν

180 1854 512 1897 ἀντιπολιτευόμενοι
536 1853 686 1897 ῥήτορες,
703 1855 967 1897 ἐπεμβαίνοντες
988 1857 1037 1897 τῷ
1053 1853 1270 1897 Δημοσθένει,
1285 1852 1528 1889 κατεσκεύαζον
1551 1850 1650 1883 εὐθύ-

182 1921 246 1947 νας
267 1910 322 1940 καὶ
338 1910 468 1951 γραφὰς
482 1908 534 1939 ἐπ’
552 1909 669 1940 αὐτόν·
688 1908 706 1940 ὁ
722 1908 753 1941 δὲ
780 1908 884 1950 δῆμος
905 1909 944 1940 οὐ
967 1909 1074 1950 μόνον
1096 1910 1226 1942 τούτων
1243 1908 1404 1947 ἀπέλυεν,
1426 1907 1517 1939 ἀλλὰ
1534 1906 1588 1938 καὶ
1604 1917 1653 1937 τι·

181 1966 255 2007 μῦν
271 1962 417 2003 διετέλει,
444 1963 499 1994 καὶ
523 1961 796 2003 προκαλούμενος
812 1958 911 2000 αὖθις
936 1962 982 2000 εἰς
1006 1965 1072 2001 τὴν
1090 1963 1279 1995 πολιτείαν.
1317 1959 1414 2000 ”ΛΙίἰ,
1430 1959 1467 1992 in
1490 1968 1650 2001 quorum

181 2025 333 2051 numero
349 2016 428 2049 erat
442 2013 632 2058 Ctesipho,
651 2013 935 2048 Demosthenem
953 2025 1076 2048 rursus
1092 2013 1140 2047 ad
1158 2013 1344 2056 Rempub.
1361 2011 1565 2047 vocabant:
1591 2013 1653 2046 alii

183 2073 321 2111 contra,
331 2072 375 2104 ut
387 2067 596 2109 AEschims,
611 2078 686 2110 eos,
699 2067 762 2112 qui
778 2068 825 2102 de
842 2068 1013 2113 Philippo
1030 2069 1164 2102 victore
1182 2067 1312 2101 melius
1327 2068 1529 2101 senserant.
1565 2066 1652 2101 Cte-

182 2125 288 2171 sipho
304 2135 391 2160 vero
414 2127 660 2169 opportunum
685 2123 723 2157 id
749 2125 894 2168 tempus
918 2123 990 2158 sore
1015 2126 1126 2165 ratus,
1151 2125 1194 2157 ut
1217 2121 1342 2166 populi
1359 2122 1463 2167 quasi
1479 2121 1653 2166 praejudi-

183 2181 282 2216 cium
299 2180 345 2215 de
363 2178 610 2214 Demosthene
625 2179 737 2219 tieret,
752 2188 833 2212 eam
851 2179 1071 2213 sententiam
1093 2178 1131 2212 in
1147 2178 1285 2213 Senatu
1302 2176 1409 2220 dixit,
1426 2176 1463 2210 in
1482 2186 1555 2222 qua
1571 2176 1651 2211 haec

183 2236 306 2271 Causa
329 2237 407 2269 tota
430 2233 648 2269 continetur.
698 2233 756 2268 Ibi
775 2233 978 2276 AEsehincs,
1010 2243 1120 2279 quem
1140 2231 1408 2267 Demosthenes
1433 2231 1652 2266 obtrectato-

184 2300 261 2326 rem
276 2294 408 2325 nactus
430 2292 487 2323 cst
513 2289 550 2323 in
569 2288 662 2334 Rep.
689 2288 975 2323 administranda
1000 2288 1230 2329 acerrimum,
1248 2290 1341 2329 tum,
1362 2289 1404 2321 ut
1421 2297 1465 2321 ne
1482 2286 1520 2321 id
1537 2287 1651 2330 tieret,

183 2355 304 2390 nequo
327 2344 433 2379 istius
448 2343 608 2379 consiliis
625 2346 789 2379 uteretur
806 2345 917 2389 Resp.
944 2344 1078 2389 quibus
1102 2343 1309 2388 nuperrimo
1333 2341 1549 2377 labefactata
1573 2353 1652 2377 esse

185 2399 388 2440 videbatur,
404 2403 483 2433 tum
497 2401 539 2433 ut
563 2399 723 2443 privatas
747 2399 953 2434 inimicitias
970 2399 1216 2440 ulcisceretur,
1231 2397 1282 2441 (ei
1299 2397 1397 2431 onim
1421 2407 1537 2441 nuper
1553 2397 1650 2431 diem

186 2454 331 2490 dixerat
349 2453 616 2488 Demosthenes
640 2454 686 2488 ob
711 2454 928 2498 legationem
953 2455 1048 2488 male
1072 2453 1210 2488 obitam
1227 2455 1264 2486 et
1279 2454 1406 2486 contra
1422 2451 1651 2497 Reipublicze

187 2510 371 2555 salutem)
392 2508 489 2549 huic,
506 2519 617 2554 quam
636 2508 728 2552 «lixi,
750 2508 999 2554 Ctesiphontis
1019 2506 1212 2553 Rogationi
1229 2506 1434 2548 intercedit,
1451 2499 1653 2541 hofnincm-

187 2576 262 2611 que
277 2565 395 2611 ipsum
412 2564 544 2599 libellis
559 2565 653 2599 datis
671 2566 707 2599 in
728 2565 909 2610 judicium
926 2565 1106 2606 adduxit;
1130 2564 1250 2609 specie
1266 2563 1426 2609 quidem,
1443 2562 1538 2608 quod
1558 2563 1594 2597 in
1607 2574 1653 2598 ea

188 2619 360 2665 quaedam
376 2619 667 2663 continebantur,
685 2631 767 2665 quoe
795 2619 937 2665 legibus
953 2630 1079 2665 rogare
1095 2630 1168 2654 non
1193 2619 1329 2661 liceret,
1354 2629 1392 2652 re
1409 2622 1531 2652 autem
1557 2628 1651 2660 vera,

189 2677 233 2709 ut
249 2672 508 2709 Demosthenis
521 2675 644 2716 vitam,
662 2686 792 2717 mores,
809 2675 969 2718 consilia,
985 2686 1041 2709 res
1056 2677 1188 2719 gestas,
1202 2677 1391 2718 totamque
1403 2673 1550 2707 demum
1569 2673 1654 2707 Rei-

191 2729 290 2775 publ.
307 2728 604 2765 administranda:
631 2731 807 2766 rationem
833 2730 1086 2772 insectaretur,
1113 2741 1271 2775 eumque
1300 2740 1322 2763 a
1339 2728 1505 2762 civilibus
1521 2728 1653 2763 muniis

190 2793 338 2828 prorsus
364 2784 564 2828 repelleret.
622 2786 745 2831 Atque
775 2785 852 2820 liaec
880 2789 936 2820 est
966 2785 1100 2827 Causa,
1136 2795 1210 2819 non
1237 2795 1292 2826 ea,
1320 2793 1429 2829 quam
1461 2782 1653 2818 adducunt

193 2836 392 2872 Rhetomm
419 2838 491 2879 tilii,
508 2850 576 2873 cur
591 2840 638 2874 de
654 2840 869 2882 Qua-stione
895 2842 933 2875 et
953 2840 1107 2881 Corona,
1132 2839 1177 2873 de
1195 2838 1355 2881 Legibus
1371 2840 1410 2872 et
1425 2837 1654 2881 Argumento

194 2891 285 2937 ipso,
301 2896 374 2927 tam
401 2904 517 2937 pauca
535 2895 775 2939 disputentur,
793 2895 839 2929 de
867 2896 1070 2940 Republica
1092 2898 1166 2929 iam
1196 2894 1327 2934 multa;
1354 2892 1446 2927 adeo
1473 2895 1516 2927 ut
1542 2896 1653 2936 Γραφι)

194 2946 283 2990 ipsa,
296 2946 325 2980 si
341 2958 464 2982 eorum
482 2948 598 2983 verbis
615 2950 666 2983 uti
685 2950 802 2990 licent,
816 2960 921 2994 paene
939 2952 1131 2993 ἀμελεῖσθαι
1149 2949 1325 2983 videatur.
1373 2947 1495 2992 Atque
1510 2947 1591 2982 haec
1606 2946 1653 2982 do

194 3000 446 3040 Contentionis
461 3005 557 3038 statu
575 3007 612 3038 et
628 3004 766 3048 origine
784 3003 881 3039 dicta
898 3008 1016 3038 sunto.
