1928 3284
771 189 1144 231 oesEuvATlo.
1578 175 1683 232 189

221 305 337 338 multo
353 302 513 337 maxims
528 303 566 334 et
590 299 796 344 potissima;
821 301 861 332 et
878 302 955 334 tum
979 301 1043 341 ὅλη
1069 299 1174 342 τέχνη
1192 296 1291 332 dicta
1311 298 1380 331 est.
1419 294 1559 329 Verum
1584 292 1684 328 enim

222 369 307 393 vero
323 369 369 392 ne
388 358 456 393 huo
471 355 619 401 quidem
637 353 786 395 ratione,
802 353 900 398 quod
916 354 961 387 de
978 354 1105 398 legatis
1122 351 1389 388 Demosthenes
1412 350 1546 392 scribit,
1563 351 1685 394 potest

221 414 371 448 omnine
383 407 564 446 excusari.
614 408 714 450 Quid
737 409 858 443 enim!
883 409 1031 443 nullane
1055 409 1194 444 itineris
1218 406 1385 442 habenda
1409 404 1476 439 suit
1497 405 1612 438 ratio?
1637 414 1686 437 an

223 469 419 513 potnerunt
439 465 548 509 legati
564 467 702 510 puncto
718 463 890 510 temporis
906 465 1032 499 sistere
1049 474 1087 498 se
1102 466 1139 499 ln
1155 460 1399 498 Macedonia?
1424 461 1600 494 ettamen
1616 463 1688 492 tres

223 526 318 556 totos
333 530 476 555 menses
492 519 541 553 ibi
557 519 694 553 sedisse
711 518 893 554 dicuntur.
931 519 1104 564 Sequitur
1118 518 1209 553 alter
1233 517 1348 552 multo
1363 514 1548 550 obscurior
1564 513 1666 546 loeus
1675 525 1686 554 ;

223 576 274 610 ait
298 575 394 609 enim
412 573 691 615 Demosthenes,
707 573 865 618 Philippi
881 573 1068 616 ingenium
1085 574 1316 619 perspectum
1333 580 1446 615 quum
1463 568 1627 608 haberet,
1643 577 1689 600 ac

222 630 464 673 suspicaretur
475 629 562 670 sore,
575 631 764 663 utmoram
777 628 976 672 legatorum
991 630 1218 662 converteret
1228 627 1266 660 in
1282 636 1357 661 rem
1371 634 1487 665 suam,
1498 625 1536 657 et
1546 622 1690 656 solutus

222 683 393 727 religione
410 682 647 727 jurisjurandi
662 683 826 717 Thraeiae
843 683 950 717 urbes
968 682 1246 717 Atheniensium
1262 680 1414 725 imperio
1430 678 1614 722 subjectas
1630 687 1691 710 oo—

221 741 387 783 cuparet,
401 741 502 772 ratus
519 738 569 780 id,
584 737 683 782 quod
701 737 781 779 suit,
798 738 964 782 quamvis
981 738 1052 771 illae
1069 747 1142 770 non
1158 736 1405 775 redderentur,
1421 743 1551 778 pacem
1567 735 1693 766 tamen

222 795 362 829 firmam
377 797 415 827 et
427 796 564 827 certam
577 792 758 828 suturam:
776 792 845 827 hoo
860 793 970 836 igitur
982 802 1030 826 ne
1047 791 1221 834 eveniret,
1240 791 1444 831 decretum,
1462 789 1524 830 ait,
1548 798 1569 820 a
1585 797 1624 820 se
1638 786 1692 820 fa-

222 852 421 894 ctum,quo
432 847 655 891 jubebantur
666 847 776 891 legati
786 846 1043 892 profectionem
1060 848 1254 881 maturare.
1276 844 1335 879 llli
1345 843 1504 886 decreto,
1519 841 1618 887 quod
1629 849 1694 875 ex-

223 907 295 938 stat
307 906 345 938 in
356 903 518 938 oratione
529 911 593 947 pro
603 901 745 936 Corona
755 911 792 946 p.
804 903 862 936 96.
876 898 921 948 [§.
932 898 995 948 92]
1010 900 1193 945 adscripta
1202 902 1257 934 est
1267 898 1345 934 dies
1354 898 1484 932 ultima
1493 896 1694 931 Hecatom-

225 958 375 993 baeenis.
424 958 488 1000 At,
504 968 526 992 ο
544 957 650 998 bone,
665 965 780 1001 quum
795 959 838 992 tu
853 956 980 1000 patnae
997 955 1197 991 commodis
1211 954 1406 998 invigilans
1417 952 1488 987 hoc
1503 951 1694 986 decretum

224 1013 420 1052 scribebas,
436 1014 501 1046 aut
524 1021 598 1056 pax
613 1011 778 1046 nondum
803 1013 882 1045 erat
900 1010 1009 1053 sacta,
1035 1013 1099 1045 aut
1122 1010 1240 1045 multo
1262 1011 1348 1043 ante
1373 1006 1531 1051 Philippi
1555 1005 1695 1049 jureju-

224 1068 338 1102 rando
353 1067 574 1101 confirmata.
615 1066 736 1101 Erunt
751 1065 914 1109 sortasse,
931 1066 994 1111 qui
1011 1067 1154 1111 putent,
1171 1066 1375 1109 corruptam
1392 1061 1451 1096 hic
1467 1071 1546 1095 esse
1564 1059 1696 1093 mensis

225 1132 371 1164 nemen,
387 1124 425 1156 et
441 1132 507 1166 pro
522 1121 837 1156 Hecatombaeone
853 1121 1178 1166 Elaphebolionem
1194 1117 1455 1164 reponendum.
1496 1115 1569 1150 Sed
1581 1114 1696 1159 quaeri

226 1180 358 1221 potest,
374 1176 465 1221 quid
483 1176 542 1220 sit,
554 1175 653 1220 quod
669 1185 738 1210 nee
756 1175 802 1210 de
818 1185 981 1217 numere,
999 1186 1066 1210 nee
1083 1175 1128 1209 dc
1145 1174 1291 1209 nomine
1308 1173 1508 1218 legatorum
1525 1169 1698 1203 convenit

226 1230 467 1265 Demostheni
490 1240 576 1265 eum
601 1229 788 1271 AEschine,
814 1240 900 1264 cum
925 1229 1098 1274 Ulpiano,
1123 1239 1258 1263 secum.
1307 1226 1405 1261 Nam
1421 1226 1548 1260 decem
1570 1222 1695 1265 fuisse,

226 1288 337 1330 atque
353 1285 446 1318 inter
462 1295 525 1319 eos
539 1283 825 1318 Demosthenem
842 1284 961 1328 ipsum
978 1287 1015 1318 et
1030 1283 1251 1325 AEschinem,
1265 1293 1312 1317 ex
1331 1285 1406 1316 tam
1422 1279 1547 1314 multis
1560 1278 1696 1312 utrius-

226 1351 299 1383 que
319 1341 522 1374 orationum
543 1338 634 1373 locis
659 1338 860 1382 intelligere
885 1342 952 1379 est,
975 1342 1017 1372 ut
1043 1339 1163 1383 pigeat
1186 1339 1221 1372 in
1247 1338 1290 1371 iis
1313 1335 1559 1370 describendis
1583 1334 1696 1368 bonas

227 1394 330 1427 horas
346 1393 507 1438 perdere.
556 1392 691 1427 Missos
712 1397 833 1426 autem
851 1393 1011 1426 secundo
1027 1392 1165 1435 legates
1182 1393 1218 1426 in
1237 1389 1495 1438 Macedoniam
1509 1399 1571 1422 eos
1586 1389 1697 1432 ipsos,

226 1449 289 1492 qui
311 1448 463 1493 primam
481 1447 648 1481 obierant
664 1447 895 1490 legationem,
913 1447 1016 1479 docet
1037 1447 1214 1480 Libanius
1236 1447 1272 1480 in
1290 1447 1503 1489 argumento
1526 1442 1696 1476 orationis

227 1503 274 1537 do
290 1502 467 1536 ementita
481 1502 685 1546 legatione:
712 1504 749 1536 et
765 1511 889 1536 eorum
908 1501 1055 1535 nomina
1078 1504 1204 1535 auctor
1220 1501 1381 1534 incertus
1396 1499 1433 1532 in
1451 1498 1561 1531 altera
1586 1496 1697 1541 hypo-

228 1557 319 1591 thesi
350 1557 516 1600 ejusdem
542 1555 715 1592 orationis
744 1556 823 1590 haee
851 1556 973 1600 ponit:
1008 1555 1191 1600 Ctesipho,
1221 1554 1484 1593 Aristodemus,
1510 1551 1696 1591 Iatrocles,

228 1612 373 1653 Cimon,
390 1611 593 1654 Nausicles,
610 1611 816 1655 Dercyllus‚
838 1611 1018 1655 Phrynen,
1037 1610 1268 1650 Philocrates,
1286 1607 1491 1648 AEschines,
1509 1611 1546 1640 et
1563 1606 1698 1640 Demo-

228 1667 395 1708 sthenes3
413 1677 523 1712 quern
540 1670 662 1701 tamen
680 1667 709 1700 si
723 1666 826 1700 audis
842 1667 879 1700 iu
896 1666 997 1700 calce
1013 1663 1057 1712 [ξ.
1070 1663 1131 1711 52]
1146 1665 1253 1708 hujus
1264 1661 1526 1709 psephismatis,
1539 1661 1699 1706 quinque

230 1725 372 1756 tantum
390 1724 530 1756 creatos
543 1721 683 1765 legatos
699 1721 837 1762 credes,
859 1720 1060 1762 Eubulum,
1078 1719 1301 1760 sEsehinem,
1319 1716 1605 1762 Ctesiphontem,
1625 1716 1699 1750 De-

231 1779 442 1818 mocratem,
459 1775 646 1817 Cleonem,
671 1786 827 1820 quorum
852 1785 972 1819 nemo,
992 1775 1018 1808 si
1046 1785 1157 1809 unum
1182 1773 1342 1818 excipias
1367 1771 1590 1812 AEschinem,
1607 1771 1700 1803 inter

231 1831 361 1865 decem
386 1829 593 1874 superiores
617 1832 836 1864 recensetur.
886 1828 1131 1870 Quamobrem
1157 1838 1231 1862 non
1257 1827 1387 1872 injun'a
1411 1826 1479 1859 hoc
1503 1828 1619 1859 tetum
1639 1823 1700 1857 dc-

234 1888 376 1919 cretum
403 1884 491 1918 mihi
522 1887 732 1928 suspectum
755 1886 820 1917 est.
870 1883 969 1924 Quid
991 1883 1110 1917 dicam
1137 1884 1182 1917 dc
1209 1883 1321 1916 altero
1346 1881 1418 1922 illo,
1447 1891 1519 1924 quo
1546 1879 1700 1922 migrare

234 1949 360 1973 omnes
383 1949 469 1973 cum
494 1938 602 1972 rebus
627 1938 702 1972 suis
726 1940 764 1972 in
787 1937 915 1972 urbem
932 1941 996 1972 aut
1022 1948 1122 1971 arces
1143 1937 1237 1980 jussi
1263 1936 1366 1969 sunt?
1394 1934 1490 1980 quod
1517 1934 1647 1976 legitur
1663 1931 1701 1966 in

234 1995 363 2028 endem
380 1995 540 2028 oratione
558 2002 623 2036 pro
644 1992 786 2026 Corona
800 2002 838 2036 p.
854 1994 912 2027 08.
939 1989 985 2038 [ξ.
1002 1989 1079 2037 ιβ’.]
1113 1992 1206 2024 Sane
1224 1990 1291 2023 hoc
1309 2000 1456 2034 quoque
1474 1988 1631 2022 alienum
1650 1987 1702 2021 vi-

235 2050 342 2083 detur
367 2049 412 2083 ab
430 2049 484 2084 his
500 2047 736 2092 temporibus,
753 2057 873 2092 neque
898 2047 1072 2091 seriptum
1099 2057 1142 2079 ca
1166 2047 1395 2089 tempestate,
1415 2054 1487 2088 qua
1511 2043 1700 2086 Philippus

234 2104 273 2138 in
288 2104 466 2138 Graeciam
492 2103 647 2148 primum
669 2102 808 2147 irrupit,
833 2102 897 2136 sed
919 2102 1104 2146 aliquanto
1127 2104 1220 2144 post,
1246 2110 1370 2144 quum,
1387 2099 1572 2142 occupatis
1587 2097 1700 2131 Ther-

234 2158 399 2203 mopylis,
417 2158 590 2193 arbitratu
611 2168 676 2191 suo
694 2157 843 2191 Graecos
867 2156 1036 2197 terrebat,
1063 2166 1260 2199 eorumque
1283 2154 1390 2188 urbes
1414 2153 1607 2197 improviso
1637 2152 1701 2185 ad-

235 2217 346 2248 ventu
363 2224 540 2258 occupare
558 2213 776 2246 conabatur:
804 2212 872 2245 hoo
889 2211 984 2245 enim
1004 2210 1049 2243 ab
1066 2222 1109 2243 eo
1127 2220 1223 2253 saipe
1241 2208 1376 2243 sactum
1397 2211 1548 2242 testatur
1567 2207 1702 2240 Dcmo-

236 2268 381 2301 sthenes
398 2268 443 2302 de
461 2268 639 2311 legatione
657 2277 739 2311 pag.
760 2269 838 2300 154.
855 2263 903 2312 [§.
922 2262 984 2312 λ’.]
1003 2269 1055 2298 καὶ
1068 2268 1151 2309 μετὰ
1169 2267 1275 2297 ταῦτα
1288 2265 1400 2303 ὁσάκις
1418 2266 1501 2307 πρὸς
1513 2263 1664 2306 πορθμῷ,
1679 2264 1700 2301 ἡ

238 2326 324 2366 πρὸς
337 2324 501 2366 Μεγάροις
519 2323 697 2361 ἀκούοντες
716 2322 860 2364 δύναμιν
879 2322 1052 2353 Φιλίππου
1067 2323 1119 2353 καὶ
1139 2320 1252 2358 ξένους
1269 2319 1469 2362 ἐθορυβεῖτε,
1487 2318 1614 2356 πάντες
1629 2318 1702 2348 ἐπί-

237 2379 377 2410 στασθε.
425 2376 500 2409 Cur
524 2375 573 2408 ita
598 2375 756 2415 credam,
773 2374 900 2418 paucis
925 2384 1119 2418 exponam.
1171 2374 1292 2407 Allato
1313 2371 1441 2406 nuntio
1459 2372 1504 2404 de
1527 2370 1703 2404 Thermo·

238 2432 329 2477 pylis
341 2443 363 2465 a
379 2431 546 2474 Philippo
561 2429 763 2473 occupatis,
776 2432 894 2462 narrat
910 2429 1176 2462 Demosthenes
1189 2429 1234 2461 ‹le
1250 2429 1357 2470 legat.
1368 2437 1450 2471 pag.
1465 2428 1541 2459 158.
1560 2423 1604 2471 [ξ.
1620 2421 1702 2468 λο’.]

238 2487 425 2520 decretum
443 2485 592 2524 sactum,
612 2489 651 2517 nt
669 2493 793 2517 omnes
810 2483 1012 2526 reciperent
1029 2494 1067 2516 se
1085 2483 1120 2515 in
1137 2483 1216 2516 loca
1234 2482 1384 2521 mimita,
1402 2492 1502 2515 arces
1527 2480 1702 2512 instaura-

239 2546 373 2582 rentur,
391 2540 550 2574 l’iraeeus
568 2549 671 2572 muro
695 2539 912 2580 cingeretur,
931 2537 1084 2571 Herculi
1103 2538 1139 2570 iu
1158 2537 1257 2576 urbe,
1274 2546 1345 2569 non
1371 2535 1407 2569 in
1432 2545 1530 2577 agro,
1559 2535 1598 2565 ut
1624 2543 1703 2565 mos

239 2598 328 2636 crat,
345 2605 444 2628 sacra
461 2594 595 2633 tierent,
612 2604 693 2637 quae
712 2597 846 2632 tamen,
864 2592 893 2625 si
914 2592 1068 2635 primum
1093 2591 1266 2635 excipias,
1291 2590 1327 2623 in
1353 2589 1500 2622 decreto
1517 2588 1577 2620 illo
1594 2586 1703 2620 Calli-

239 2650 388 2691 sthenis,
412 2648 519 2691 cujus
548 2652 621 2681 tam
652 2648 856 2691 frequenter
883 2647 969 2680 facit
996 2647 1216 2679 mentionem
1248 2643 1524 2681 Demosthenes,
1553 2652 1625 2675 non
1654 2641 1704 2675 le-

242 2708 387 2749 guntur.
436 2705 683 2747 Quamquam,
703 2707 742 2734 ut
762 2712 885 2734 verum
904 2701 1027 2740 fatear,
1046 2700 1120 2734 fieri
1141 2699 1269 2744 potuit,
1286 2702 1337 2739 ut,
1358 2697 1482 2730 multis
1505 2697 1550 2728 de
1573 2694 1701 2728 eudem

242 2770 278 2792 rc
294 2758 398 2792 sactis
412 2756 578 2797 decretis,
596 2766 668 2789 uno
686 2759 879 2789 contentus
898 2755 1002 2788 suerit
1028 2758 1167 2787 orator:
1187 2757 1261 2793 aut,
1279 2753 1305 2784 si
1321 2762 1433 2785 unum
1451 2751 1637 2784 decretum
1656 2749 1701 2784 (le

240 2812 410 2845 omnihus
426 2814 481 2844 est
497 2811 644 2849 sat-tum,
662 2820 732 2842 non
749 2813 803 2842 est
820 2820 967 2850 novum,
984 2820 1066 2841 eum
1083 2819 1160 2840 esse
1178 2806 1354 2845 mutilum,
1374 2816 1486 2849 quum
1506 2804 1620 2839 multa
1637 2803 1702 2837 hu-

236 2866 395 2908 jusmodi
421 2869 565 2899 exstent
590 2865 687 2909 apud
709 2864 1002 2899 Demosthenem.
1022 2868 1054 2895 ··t
1083 2863 1167 2894 ulio<
1195 2864 1363 2901 ..tuton-s,
1386 2861 1430 2893 ‹le
1456 2871 1528 2904 qim
1555 2871 1592 2893 re
1618 2859 1702 2892 alibi

244 2931 392 2962 sigennus
409 2921 595 2964 copiosius.
651 2920 762 2956 Leuat
784 2919 1002 2961 intcnnnqoi
1026 2919 1114 2949 solet
1146 2929 1195 2949 izv
1215 2924 1349 2949 ι-ιῑιυιιῚῚ
1371 2927 1403 2949 ιιι
1424 2916 1588 2949 Neaeram
1612 2914 1700 2957 Πίμ-
