1928 3284
247 193 348 241 102

239 333 392 362 ‹rnov‘tc
419 333 699 399 γραμματα,
725 333 929 374 χοίνικας
951 332 1166 375 παχείας
1192 333 1306 375 ἔχων
1321 332 1400 361 και

640 193 1290 238 ΔΗΜΟΣΘΕΝΟΎΣ

1388 308 1399 327 N

1429 310 1444 336 ²
1458 306 1616 373 ξύλον·
1605 350 1618 368 ,
1655 334 1683 370 η

238 408 294 441 ως
322 383 347 445 ἦ
372 408 512 457 μητηξ
539 406 615 435 O'OU
646 407 735 441 ΤΟίς
759 384 1058 456 μεθημὲξίνθις
1090 406 1250 452 ’γαμοίς
1276 407 1315 434 ev
1349 407 1411 450 Τῳ
1438 382 1595 449 κλΙΟἾῳ
1620 406 1682 449 Τῳ

905 482 914 501 ¹
935 480 1024 519 ξύλον·

239 557 460 587 Demosthenes
484 557 617 591 disserit,
641 556 683 586 sit
703 556 893 595 Πτολεμαῖον,
915 556 945 586 111

238 601 338 630 medio
348 601 491 638 relinquit
505 601 551 629 Io.
563 599 719 628 Meursius
730 600 840 628 Athen.
850 599 945 630 Attio.

236 642 290 671 lib.
306 643 334 672 Ι.
349 653 414 682 cap.
430 643 486 672 Vl.
498 643 550 671 ubi
566 643 605 670 de
622 642 691 671 fano
704 641 816 671 Thesei
831 642 945 671 multus

237 690 295 720 est,
320 690 350 714 et
378 685 563 714 testimoniis
589 685 760 720 Pausaniae,
788 684 945 715 Plutarchi

240 732 298 756 etc.
317 738 333 756 a
350 738 382 756 se
399 726 481 756 dicta
496 727 662 757 confirmat.
688 729 803 757 Ham.

278 769 403 803 Χοίνικας
425 768 550 810 παχείας
570 769 642 811 ἔχων
658 770 704 799 καὶ
727 769 820 810 ξύλον]
845 770 945 800 Areti-

237 822 314 841 nus:
341 812 492 850 Compedes
510 812 618 852 serens
642 818 669 842 et
695 813 840 842 baculum.
875 813 944 842 Me-

235 855 397 884 lanchtho:
423 854 611 894 Compedibus
626 856 740 885 vinctus
763 856 866 885 docuit
881 856 945 886 lite-

238 908 294 927 ras.
318 897 497 928 Perionius:
523 899 611 936 Apud
628 897 756 936 Elpz'am,
768 909 823 938 quo
836 899 859 927 is
874 904 944 928 tem-

233 950 303 978 pore
335 941 374 970 ad
405 939 504 969 Thesei
533 941 661 977 docebat,
677 951 767 971 uerus
793 940 945 971 servierit?

236 983 386 1013 Meletus:
412 983 520 1013 Crassis
538 984 648 1022 pedicis
662 989 694 1025 >et
717 985 805 1025 lignis
819 985 943 1015 vinctus.

239 1026 357 1056 Wotr.

277 1069 478 1109 Μεθημερινοῖς
494 1069 612 1109 γάμοις]
632 1069 666 1098 F.
680 1070 943 1109 καθημερινοῖς.

236 1112 349 1141 Omnes
364 1112 602 1150 interpretantur
615 1113 942 1151 quotidianasazuptias.

236 1152 274 1183 Τὸ
294 1153 478 1194 μεθημεξινδν
500 1159 531 1183 et
552 1154 705 1193 νυκτεξινέν,
724 1156 819 1194 ὥσπερ
840 1155 873 1183 τὸ
900 1155 943 1184 νύ-

235 1208 309 1236 κτωρ
332 1197 379 1225 καὶ
391 1194 456 1235 μεθ’
472 1196 575 1236 ἦμέξαν
590 1202 793 1234 opponuntur.
838 1197 944 1226 Perio-

234 1239 325 1268 nius:
352 1239 425 1268 Cum
448 1249 521 1268 nova
543 1240 681 1279 conjugia
697 1240 823 1280 quotidie
844 1240 944 1270 iniret.

237 1282 344 1312 IDEM.

279 1324 399 1365 Γάμοις]
432 1325 522 1363 Γάμοι
552 1324 600 1353 hio
631 1329 677 1355 est
705 1327 809 1361 coitus,
840 1336 944 1355 concu-

236 1368 321 1398 bitus.
367 1368 525 1397 Schrader.
555 1368 593 1396 ad
617 1369 699 1398 Mus.
722 1378 752 1397 v.
778 1370 809 1398 3.
838 1368 943 1398 multis

235 1411 312 1440 hanc
328 1410 414 1440 vocis
434 1412 585 1439 notionem
608 1411 812 1449 persequitur.
850 1415 871 1428 “
890 1413 945 1440 So·

233 1453 297 1483 lent
313 1453 403 1487 enim,
421 1453 530 1491 inquit,
555 1453 724 1491 hujusmodi
740 1453 873 1483 honestis
888 1464 943 1482 vo-

235 1496 351 1526 cabulis
375 1506 433 1525 non
458 1506 526 1525 raro
553 1506 617 1525 rem
642 1501 762 1534 turpem
785 1496 944 1535 minusque

235 1539 390 1568 honestam
417 1538 518 1568 velare
545 1544 696 1569 auctores.
746 1539 797 1569 Sic
818 1540 944 1568 Nonnus

236 1582 369 1620 Dionys.
395 1581 449 1610 lib.
464 1582 537 1610 XV.
555 1591 585 1620 p.
603 1584 677 1612 416.
695 1582 715 1612 l.
739 1583 790 1611 21.
808 1587 840 1612 et
861 1582 945 1612 alibi.

235 1625 349 1655 Achill.
373 1624 478 1653 Tatius
499 1624 552 1654 lib.
577 1625 604 1654 I.
629 1635 660 1663 p.
683 1626 736 1656 59.
775 1625 944 1655 Aristinaet.

236 1667 256 1696 l.
274 1669 301 1697 Ι.
318 1678 366 1706 ep.
385 1667 536 1697 ⁶AL-——Sic
560 1673 591 1696 et
607 1667 719 1697 Latini.
735 1669 861 1697 Petron.
877 1678 945 1707 cap.

235 1711 288 1741 ⁴25.
327 1710 540 1740 Plaudentibus
562 1719 629 1750 ergo
644 1712 785 1740 universis
800 1716 827 1740 et
845 1717 945 1750 postu-

235 1753 364 1782 lantibus
391 1754 510 1791 miptias
529 1751 710 1794 fecerunt.''
755 1754 827 1783 Hoc
854 1764 945 1783 sensu

235 1806 355 1835 quoque
372 1806 421 1834 ap.
435 1795 580 1827 sustiul.
596 1798 649 1827 31.
667 1807 693 1826 c.
708 1799 739 1827 6.
755 1802 786 1826 et
800 1798 891 1827 Anct.
906 1798 944 1826 ad

237 1840 373 1868 Herenn.
385 1839 407 1868 l.
423 1840 454 1868 4.
471 1850 499 1868 c.
515 1840 567 1869 34.
581 1849 643 1869 vox
660 1840 771 1878 nuptiae
786 1840 911 1877 legitur.

278 1879 320 1911 Ἐν
329 1881 372 1919 τῷ
379 1880 496 1921 κλιο-ίῳ]
507 1881 667 1911 Aretinus:
681 1881 698 1911 Ι
700 1893 719 1911 η
728 1883 866 1912 clanstro.
876 1883 945 1913 Me-

237 1924 399 1953 lanchtho:
426 1924 464 1954 In
479 1925 611 1963 tugurio.
633 1925 810 1955 Perionius:
831 1925 868 1955 In
879 1936 945 1965 pm·-

236 1968 300 1997 ticu.
313 1967 412 1997 Clesio.
435 1967 588 1997 Meletus:
609 1966 648 1997 In
661 1967 762 1998 Clesio.
785 1969 842 1998 Est
853 1979 945 1998 anno-

236 2014 343 2045 tatum,
355 2010 418 2048 legi
429 2009 527 2049 ἧλισίῳ
539 2009 725 2051 τᾷἱπροο-τῷςο
735 2010 809 2050 ἥξωϊ.
827 2012 945 2042 Wom.

276 2051 398 2092 Κλισίῳ]
444 2053 581 2091 Insignis
619 2058 667 2082 est
704 2053 878 2084 differentia
911 2054 942 2084 in

236 2095 349 2125 MStis.
370 2093 518 2132 κλεισίῳ
535 2095 613 2125 Ven.
628 2096 745 2136 Obsop.
769 2096 839 2126 Ital.
856 2096 945 2126 Lind.

234 2135 366 2176 κληο-ίῳ
385 2140 465 2176 Aug.
489 2137 581 2167 vind.
604 2137 727 2178 ἦλισίῳ
750 2140 844 2168 MSS.
871 2139 944 2169 Ald.

234 2186 266 2211 et
289 2170 384 2210 Felic.
411 2179 563 2218 σικλείῳ
593 2181 670 2219 Reg.
693 2192 716 2211 ε.
738 2183 860 2211 Interea
886 2192 943 2212 non

235 2223 375 2263 vulgaria
396 2223 489 2253 habet
511 2223 550 2252 de
574 2223 630 2253 hac
657 2233 700 2258 re,
723 2224 797 2253 licet
816 2225 945 2255 fortasse

236 2277 295 2296 non
312 2266 423 2305 ubique
446 2265 610 2301 laudanda,
625 2267 656 2296 S.
673 2267 765 2297 Petit.
786 2268 825 2296 de
839 2268 875 2296 L.
892 2271 945 2297 At-

235 2309 288 2340 tic.
306 2309 363 2338 VI.
385 2310 416 2340 5.
435 2309 522 2346 cujus
544 2309 637 2338 verba
660 2309 824 2339 describo:
850 2314 871 2327 “
889 2311 946 2340 So-

236 2352 325 2382 lenne
340 2352 398 2381 fuit
413 2351 500 2381 bouis
517 2351 584 2381 istis
600 2352 768 2389 mercibus,
783 2357 816 2382 nt
832 2358 946 2392 prosta-

236 2399 315 2432 rent,
338 2399 369 2424 et
391 2394 585 2434 quotidianos
611 2395 755 2425 haberent
781 2406 946 2426 concursus

237 2438 276 2467 ad
304 2437 436 2467 illustria
465 2437 601 2467 civitatis
634 2437 713 2473 loca,
745 2440 946 2474 Ceramicum,

238 2491 386 2515 semum,
401 2486 432 2510 et
447 2482 494 2511 τὴν
505 2481 613 2520 ἀγοράν.
638 2482 686 2511 De
700 2482 858 2511 Ceramico
868 2484 946 2521 jam-

237 2524 293 2553 diu
305 2529 487 2554 monuernnt
502 2523 565 2552 alii.
605 2522 697 2559 Quod
714 2524 750 2553 ad
770 2525 889 2555 Scirum
902 2529 947 2554 at-

238 2567 324 2602 tinet,
341 2567 465 2606 elegans
487 2571 535 2596 est
549 2566 764 2596 Demosthenis
780 2567 876 2603 locus,
891 2568 946 2597 sed

237 2615 414 2649 corruptus,
440 2611 479 2639 de
506 2609 663 2638 AEschinis
691 2615 804 2639 matre:
830 2609 844 2640 ἢ
872 2611 907 2643 ὡς
932 2611 946 2637 ἦ

238 2652 333 2692 μήτ-ης
354 2653 404 2681 σοῦ
427 2653 486 2686 τοῖς
511 2650 702 2693 μεθημερινοῖς
724 2653 828 2691 γάμοις
850 2651 876 2682 ἐν
905 2652 948 2691 τῷ

238 2693 339 2733 κλισίῳ
347 2694 413 2734 πρὸς
425 2695 469 2734 τῷ
480 2693 636 2736 Καλαμίτῃ
646 2693 736 2734 “Ἠςωΐ
746 2694 947 2736 χρωμένηηιε-

240 2747 299 2776 que
322 2737 498 2776 quidquam,
514 2738 566 2776 qui
587 2737 720 2773 laudant,
739 2738 861 2778 juvant,
883 2738 948 2768 He-

241 2780 365 2818 sychius
381 2785 411 2808 et
427 2780 546 2816 Snidas,
563 2781 634 2819 quin
656 2785 761 2809 contra
775 2781 898 2813 sactum.
915 2785 948 2811 ut

239 2823 366 2851 alterum
383 2822 509 2861 insuper
521 2824 663 2853 mendum
672 2828 854 2862 occuparet,
846 2834 852 2840 ·
862 2823 893 2853 'H
901 2830 949 2853 λι-

241 2863 430 2904 clqiquippe
446 2865 553 2903 legunt
578 2866 665 2905 lapsu
692 2866 787 2901 facili,
815 2866 877 2896 ἀντὶ
898 2867 948 2895 τοῦ

240 2906 392 2946 Κλησίῳ,
408 2908 490 2946 quod
501 2912 548 2937 est
563 2908 736 2945 genuinum.
751 2909 944 2948 Hesychius.

242 2947 422 2989 Καλαμίτης,
439 2948 528 2990 Ἥξως
544 2962 582 2987 τῳ
605 2950 702 2990 ἦλισίῳ
716 2952 844 2982 πλησίον.
881 2952 949 2982 Sui-

243 2993 315 3023 das:
345 2993 527 3031 Καλαμίτης.
554 2993 637 3033 κύριον
658 2993 754 3033 ὄνομα.
778 3006 825 3025 και
853 3003 950 3035 Δημο-

979 554 1071 590 σθένης
1079 555 1105 585 ἓν
1115 554 1158 595 τᾷ
1170 555 1238 596 ὑπὲξ
1248 557 1296 585 τοῦ
1307 556 1456 594 στεφάνου·
1466 554 1491 584 ἔν
1504 555 1548 593 τῷ
1562 553 1687 594 ἦλισίῳ

979 599 1021 637 τῷ
1043 598 1115 638 τιτξᾶς
1140 598 1296 639 Καλαμίτῃ
1311 598 1407 637 ‘'Hgoe't.
1436 600 1503 627 Nos
1523 598 1686 637 legendum

980 641 1160 680 conjicimus
1188 640 1213 670 ἐν
1243 642 1287 680 τῷ
1314 639 1446 679 κλησίῳ
1472 641 1516 679 τῷ
1543 640 1616 680 ωςός
1646 639 1690 678 τᾴῖ

979 683 1248 725 Κυαμίτῃ“Ηξωἰ”.
1271 684 1421 722 Intelligit
1435 684 1546 712 Orator
1562 682 1595 711 τὸ
1614 683 1689 712 Κλή-

979 738 1046 762 σιον,
1065 732 1195 766 utputo,
1211 727 1456 765 Lycomfflarum,
1473 725 1606 766 (familia
1622 730 1687 754 erat

980 770 1110 799 Athenis
1134 769 1300 808 Λυκομίδαι,
1323 768 1396 807 γένος
1415 768 1572 806 Ἰθαγενῶν,
1588 768 1688 806 inquit

979 812 1174 852 Hesychius)
1197 813 1284 851 cujus
1311 811 1446 841 meminit
1463 809 1630 840 Pausanias
1654 811 1685 839 in

979 855 1194 889 Messeniacis,
1208 866 1235 885 c.
1253 858 1282 884 1.
1326 854 1398 883 Hoc
1411 853 1528 884 Κλῆσιον
1541 863 1602 882 non
1612 857 1688 891 puto

977 897 1067 937 longe
1080 899 1213 928 abfuisse
1228 908 1244 926 a
1254 897 1368 935 templo
1377 897 1499 926 Cereris
1509 896 1688 932 Eleusiniae‚

978 942 1064 979 eujus
1086 942 1180 970 sacris
1205 951 1278 980 gens
1302 940 1355 969 illa
1375 939 1503 975 dedita3
1530 939 1610 968 unde
1627 939 1687 967 Or-

977 984 1048 1022 phei
1076 983 1142 1013 sive
1169 982 1356 1013 Onomacriti
1379 981 1462 1022 ὕμνος
1485 981 1523 1014 εἷς
1546 981 1688 1021 Δῆμητξα

978 1026 1150 1066 Λυκομίδαις
1194 1026 1338 1060 ποιηθεὶς,
1375 1025 1474 1063 inquit
1508 1024 1688 1054 Pausanias.

978 1069 1081 1105 Quare
1096 1070 1187 1099 etiam
1204 1069 1322 1098 colloco
1334 1069 1426 1106 juxta
1440 1067 1599 1096 aediculam
1613 1072 1690 1095 Κυα-

976 1111 1064 1151 μίτου
1078 1110 1189 1152 Ἥρωος.
1235 1111 1389 1151 Cyamites
1413 1110 1463 1139 hic
1484 1110 1587 1139 Heros
1610 1114 1687 1146 erat,

977 1164 1035 1184 non
1051 1156 1200 1189 Bacchus,
1216 1159 1247 1183 et
1259 1165 1275 1183 a
1291 1154 1416 1184 Baccho
1429 1152 1590 1190 distinguit
1605 1152 1687 1181 Pau-

978 1197 1078 1226 sanias
1099 1196 1226 1232 Atticis,
1252 1208 1279 1226 c.
1307 1199 1360 1226 37.
1386 1195 1564 1232 scribitque,
1591 1194 1686 1223 fuisse

977 1240 1052 1268 hanc
1077 1239 1238 1268 aedicnlarn
1255 1238 1281 1268 ἐν
1301 1239 1344 1277 τῷ
1357 1237 1449 1278 χωρίῳ
1467 1242 1583 1272 ΣΚΙΡΑ,
1605 1237 1688 1275 quod

977 1287 1043 1311 erat
1065 1283 1144 1311 inter
1173 1282 1279 1311 urbem
1304 1286 1336 1310 et
1361 1280 1548 1310 Eleusinem.
1592 1279 1688 1318 Atqui

976 1322 1002 1353 ἐν
1017 1325 1059 1363 τῷ
1082 1322 1177 1364 Σκίξῳ,
1193 1329 1226 1354 ut
1248 1324 1364 1363 legitur
1387 1323 1467 1362 apud
1488 1323 1689 1361 Stephanum,

977 1368 1005 1396 αἱ
1029 1366 1122 1406 πέξναι
1143 1366 1319 1406 ἐκαθέζοντο.
1363 1366 1519 1395 Praeterea
1540 1365 1621 1394 inter
1643 1366 1688 1394 le-

977 1409 1082 1439 nonias
1104 1419 1250 1448 personas
1276 1414 1451 1438 recensetur
1468 1407 1648 1446 Λυκομῗῧειος
1669 1418 1687 1436 3

978 1452 1114 1487 Polluce,
1135 1452 1189 1482 lib.
1204 1455 1235 1482 4.
1252 1461 1320 1490 cap.
1343 1453 1395 1481 19.
1419 1451 1490 1490 quia.
1512 1450 1633 1480 scilicet
1648 1450 1687 1480 ad

976 1495 1034 1524 hoc
1049 1498 1103 1524 τῶν
1126 1495 1288 1534 Λυκομιδῶν
1311 1495 1425 1524 κλῆο-ιον
1444 1494 1620 1532 prostabant
1639 1494 1686 1522 hae

977 1538 1108 1577 pnblicae
1119 1538 1259 1567 libidinis
1276 1537 1427 1567 victimae:
1443 1536 1504 1565 etsi
1518 1536 1597 1564 forte
1613 1536 1687 1565 Vox

976 1586 1023 1609 Κλ
1032 1580 1081 1610 ίσι
1090 1591 1119 1609 ον
1131 1580 1299 1616 retinenda,
1308 1590 1398 1619 quam
1408 1578 1588 1618 Hesychius
1595 1579 1689 1608 inter-

976 1628 1114 1663 pretatur
1124 1624 1293 1664 πανδοχεῖον,
1306 1629 1338 1653 et
1349 1621 1531 1653 Eustathius
1543 1621 1581 1650 ad
1594 1621 1687 1652 Iliad.

977 1667 1015 1696 A.
1040 1676 1110 1706 pag.
1126 1668 1180 1696 71.
1203 1664 1324 1696 δουλικον
1350 1664 1461 1699 ευτελὲς
1478 1664 1593 1698 οἴκημα.
1637 1665 1688 1694 Ita

978 1709 1058 1739 enim
1070 1708 1295 1748 ΑΡο110111115ἐ1
1306 1708 1342 1750 τῇ
1354 1709 1392 1743 εἷς
1401 1707 1534 1758 Αἰσχίνην
1548 1705 1687 1745 {grimo-ec·

977 1751 1084 1792 μητξός
1103 1751 1130 1781 δὲ
1155 1750 1185 1782 ἠν
1206 1752 1218 1781 ὃ
1236 1742 1371 1792 Αἰσχίνης
1389 1748 1581 1787 Γλαυκοθέας
1602 1762 1628 1785 η,
1653 1750 1689 1783 ὡς

978 1795 1048 1831 ἔνιοι,
1067 1794 1225 1830 Γλαυκίδος,
1242 1794 1270 1825 ἦν
1289 1801 1363 1834 φασι
1386 1796 1434 1824 ‘ri-v
1454 1793 1563 1834 πρώτην
1582 1790 1690 1822 ἡλικίαν

979 1837 1162 1888 ἦταιςηκὲναι,
1177 1836 1386 1877 καθεζομένην’
1377 1848 1402 1866 εν
1413 1835 1549 1875 οἶκηματι
1564 1834 1631 1874 πξός
1644 1834 1690 1873 τᾷί

978 1882 1028 1911 τοῦ
1040 1879 1211 1921 Καλαμίτου
1224 1879 1306 1920 ἦξωῳ.
1351 1880 1414 1909 Sed
1437 1879 1488 1908 hic
1505 1888 1625 1917 quoque
1643 1878 1688 1906 le—

979 1925 1110 1962 gendum
1119 1928 1168 1953 est
1176 1934 1242 1964 πςος
1251 1923 1293 1962 τῷ
1314 1923 1363 1952 τοῦ
1382 1919 1567 1961 Κυαμίτου
1583 1919 1688 1960 ἦςᾳίῳῧ

977 1968 1106 1997 Tantum
1140 1966 1197 1996 Vir
1225 1965 1433 1996 doctissimus.
1478 1964 1593 1994 Contra
1621 1964 1688 1993 haec

979 2010 1079 2040 omnia
1099 2008 1220 2044 militat,
1239 2013 1270 2038 et
1295 2013 1417 2038 strenue
1442 2006 1575 2045 quidem,
1589 2007 1688 2035 Tour-

978 2053 1086 2083 rellius
1109 2052 1140 2081 in
1157 2051 1237 2081 notis
1257 2052 1295 2082 ad
1314 2051 1390 2080 hauc
1407 2050 1595 2084 Orationem,
1611 2059 1687 2087 quas

974 2095 1096 2133 juvabit
1121 2095 1301 2124 consulere:
1335 2094 1475 2131 Itemque
1497 2093 1624 2122 Kuster.
1648 2092 1688 2121 ad

978 2138 1103 2168 Suidam
1125 2149 1155 2168 v.
1180 2136 1364 2177 Καλαμίτης.
1406 2135 1517 2165 Κλίσιον
1538 2144 1612 2173 ergo
1638 2145 1686 2164 re-

979 2181 1072 2216 tineo,
1085 2186 1117 2211 et
1132 2181 1271 2219 lupanar,
1275 2178 1425 2220 fornicem
1440 2177 1589 2216 intelligo.
1611 2178 1688 2207 Eam

980 2234 1087 2254 vocem
1106 2224 1258 2262 Ulpianus
1277 2226 1381 2251 noster
1405 2221 1436 2250 in
1458 2220 1573 2250 scholio
1595 2220 1689 2250 iuter-

980 2271 1119 2305 pretatur
1146 2265 1296 2305 πξοστᾷἕον.
1325 2263 1445 2304 Κλισίῳ]
1477 2263 1518 2301 τῷ
1543 2262 1688 2303 προσ-τῷῳ.

980 2309 1122 2348 Itemque
1138 2309 1280 2338 Amet-ius
1303 2307 1385 2346 apud
1408 2306 1548 2336 Eustath.
1567 2306 1605 2335 ad
1621 2306 1690 2335 Ho-

980 2362 1055 2381 mer.
1081 2352 1196 2391 Odyss.
1221 2358 1262 2381 Ω.
1277 2353 1352 2380 ⁶207.
1393 2350 1468 2379 Tale
1487 2349 1551 2378 fere
1574 2348 1690 2390 σχόλιον

981 2395 1168 2444 deprehendi
1184 2395 1215 2424 in
1230 2398 1317 2423 textu
1333 2392 1478 2423 Auctoris
1492 2392 1564 2421 mei.
1587 2392 1690 2422 Codd.

982 2438 1062 2467 enim
1073 2437 1225 2468 Lindenb.
1241 2436 1397 2476 etRegius
1413 2447 1442 2465 α.
1457 2444 1514 2474 pro
1523 2431 1690 2473 τᾷπςόςτςιῖ

980 2481 1089 2520 legunt
1108 2481 1150 2519 τῷ
1175 2490 1349 2519 ‘neoc-repen.
1374 2479 1416 2508 Et
1434 2477 1575 2506 similiter
1597 2477 1689 2506 MSS.

981 2524 1052 2553 Ald.
1074 2522 1174 2562 κλισίῳ
1195 2523 1237 2562 τᾷ
1260 2520 1424 2562 προστῴου
1441 2519 1554 2559 ”Ηςω“ι”,
1576 2520 1690 2549 omissa

981 2577 1059 2596 voce
1070 2566 1238 2606 Καλαμίτῃ.
1245 2564 1329 2602 Quid
1341 2564 1393 2593 hic
1406 2562 1477 2593 fiet?
1493 2563 1572 2592 Sane
1582 2563 1634 2602 qui
1646 2563 1691 2592 ita

980 2609 1098 2648 legunt,
1113 2610 1246 2647 glossam
1261 2608 1426 2643 insinuant,
1441 2615 1538 2645 eoque
1553 2606 1633 2636 forte
1647 2605 1691 2634 fa-

982 2653 1072 2682 cilius
1096 2652 1304 2686 insinuavere,
1327 2650 1398 2689 quia
1423 2655 1454 2679 et
1474 2649 1569 2678 verba
1591 2648 1690 2687 ipsius

982 2696 1100 2725 ‘rextus
1114 2695 1195 2726 viam
1205 2692 1429 2733 quodammodo
1441 2695 1590 2722 sternunt.
1605 2691 1690 2720 Ecce

981 2736 1103 2767 enim!'
1093 2738 1168 2776 εντᾷἰ
1181 2736 1281 2775 κλισίῳ
1296 2735 1339 2774 τῷ
1351 2734 1415 2776 πρὸς
1430 2735 1473 2773 τῷ
1490 2732 1646 2773 [προσταί
1653 2733 1689 2774 ῳ]

983 2779 1158 2821 Καλαμίτῃ
1150 2779 1222 2820 ηρωὶ.
1257 2769 1364 2808 Statuo
1379 2768 1503 2807 demum
1515 2775 1608 2805 fuisse
1624 2776 1691 2805 He-

980 2823 1045 2851 rois
1084 2823 1255 2862 cujusdam,
1290 2820 1485 2861 (Calamitem
1523 2818 1692 2858 vocabant)

960 2872 969 2885 Κ
983 2865 1049 2894 sive
1065 2866 1215 2900 Statuam,
1232 2865 1298 2894 sive
1315 2863 1479 2897 Sacellum,
1496 2861 1563 2890 sive
1579 2862 1692 2891 Monu-

982 2912 1135 2938 mentum:
1157 2909 1250 2946 juxta
1276 2916 1350 2936 vero
1373 2905 1524 2944 porticum
1548 2904 1615 2933 sive
1629 2904 1692 2933 for-

982 2951 1094 2986 uicem,
1121 2960 1217 2988 eoque
1241 2959 1298 2989 pro
1321 2947 1462 2987 lupanari
1488 2957 1558 2977 usas
1585 2946 1692 2982 fuisse,

983 3004 1051 3033 quae
1078 2993 1208 3025 Athenis
1235 2992 1424 3031 prostabant.
1469 2990 1518 3020 De
1544 2989 1691 3020 Calamite
