1928 3284
243 206 345 258 186
803 222 1135 261 CONTARENI

287 325 346 359 Ex
367 325 536 361 Vineemii
552 325 736 362 Contareni
760 330 935 364 variarum
957 328 1137 366 lectionum
1153 330 1239 365 libro
1254 329 1430 376 (Trajecti
1447 332 1492 367 ad
1510 331 1685 370 Rhenum.

239 380 522 416 MDCCLIIII.
541 394 576 426 p.
589 384 663 429 87.)
680 394 734 426 ea,
753 395 835 428 quae
855 384 900 418 ad
916 385 1165 420 illustrandam
1180 387 1351 431 temporis
1364 387 1539 421 rationem
1556 387 1690 422 Demo-

238 435 436 470 sthenicam
462 437 606 479 faciant,
633 439 724 482 typis
749 439 944 482 repetenda
969 439 1117 474 curavi:
1144 450 1262 485 neque
1290 441 1484 476 lectoribus
1507 442 1688 487 ingratum

235 488 308 522 sore
334 489 493 524 arbitror.
543 490 579 524 H
585 500 669 524 ΑΜ.

290 635 350 672 De
371 638 455 674 locis
474 637 681 685 quibusdam
701 637 952 676 Demosthenis
973 651 1014 674 er
1033 638 1255 675 orationihus
1279 651 1346 688 pro
1367 637 1519 686 Corona,
1541 645 1576 679 et
1595 639 1636 676 de

656 692 823 729 ementita
842 692 1017 742 legatione
1038 692 1271 741 disputatum.

280 783 531 817 Ampfflvomm
557 784 724 819 Thraciae
760 785 883 820 urbem
910 796 931 818 a
963 784 1129 828 Philippo
1163 786 1377 828 occupatam
1403 795 1517 828 quum
1540 795 1690 829 recupe-

231 847 308 870 rare
325 836 525 872 niterentur
537 837 794 882 Athenienses,
806 840 905 883 gravi
921 850 963 872 ae
976 838 1108 872 difficili
1124 837 1219 871 bello
1233 848 1270 871 se
1287 837 1552 882 implicuerunt.
1580 839 1689 880 Quod

230 901 343 935 quum
367 902 432 935 spe
451 892 614 927 omnium
639 896 734 927 esset
750 893 967 936 diuturnius,
986 903 1054 927 nec
1071 892 1280 937 procederet
1297 902 1344 926 ex
1370 893 1558 934 sententia,
1573 892 1689 926 eoacti

228 948 313 980 sunt
332 947 492 981 animum
507 949 687 993 appellere
708 949 754 982 ad
768 958 908 993 pacem,
926 959 947 981 a
963 959 1036 993 qua
1051 957 1096 981 ne
1110 947 1318 991 Philippum
1336 947 1481 990 quidem
1499 947 1690 981 abhorrere

227 1001 334 1035 multi
349 1002 575 1037 nuntiabant.
626 1003 749 1038 Creati
773 1003 884 1048 igitur
900 1003 941 1038 X
959 1003 1005 1037 ad
1023 1002 1163 1046 Regem
1179 1002 1302 1046 legati,
1319 1003 1383 1046 qui
1400 1002 1585 1046 explorata
1609 1001 1690 1046 ejus

228 1056 420 1098 sententia,
449 1057 479 1091 si
503 1067 576 1102 pax
600 1058 785 1103 impetrari
810 1058 924 1101 aequis
949 1056 1215 1091 conditionibus
1240 1057 1428 1101 potuisset,
1453 1058 1630 1095 curarent,
1647 1058 1690 1089 ut

224 1110 334 1154 legati
359 1110 404 1144 ab
421 1122 465 1145 eo
481 1111 643 1146 Athenas
660 1113 910 1146 mitterentur.
941 1111 1024 1146 Rex
1042 1110 1332 1152 Parmenionem,
1351 1110 1596 1154 Antipatrum,
1613 1109 1688 1144 Eu-

223 1165 410 1208 rylochum
436 1166 544 1207 misit,
562 1178 583 1199 a
598 1166 732 1210 quibus
756 1168 812 1200 est
834 1166 935 1201 brevi
959 1166 1146 1208 negotium
1174 1164 1391 1205 confectum,
1417 1167 1618 1209 exactoque
1642 1164 1688 1198 ab

223 1218 508 1254 Atheniensibus
519 1220 756 1264 Jurejurando
773 1230 848 1264 pax
864 1220 972 1253 facta.
1022 1219 1117 1254 Eam
1134 1227 1264 1262 pacem
1280 1221 1322 1252 ut
1339 1217 1528 1261 Philippus
1544 1228 1688 1262 quoque

219 1274 458 1318 jurejurando
476 1285 542 1308 suo
568 1275 808 1318 confirmaret,
834 1274 886 1309 illi
901 1274 982 1319 ipsi,
999 1274 1062 1319 qui
1089 1273 1255 1308 obierant
1279 1272 1433 1316 primam
1459 1272 1687 1316 legationem,

222 1328 340 1362 redire
352 1328 445 1372 jussi
466 1330 503 1363 in
521 1329 794 1364 Macedoniam.
844 1330 1040 1373 Quumque
1067 1338 1184 1362 moras
1208 1327 1402 1369 traherent,
1420 1337 1488 1360 nec
1505 1326 1632 1360 darent
1648 1337 1686 1360 se

220 1383 258 1417 in
271 1383 379 1426 viam,
397 1393 443 1417 ne
459 1384 650 1428 Philippus
667 1385 804 1418 solutus
813 1383 1052 1428 jurisjurandi
1070 1381 1241 1426 religione
1264 1389 1366 1424 agros
1384 1381 1563 1415 sociorum
1579 1382 1688 1415 inter-

222 1448 266 1470 ea
282 1439 525 1482 popularetur,
545 1438 677 1482 oppida
700 1438 876 1481 redigeret
890 1437 927 1470 in
947 1447 1049 1471 suam
1067 1439 1296 1481 potestatem,
1312 1436 1347 1468 S.
1359 1435 1399 1468 C.
1414 1439 1595 1469 maturare
1609 1446 1688 1479 pro-

221 1491 411 1526 fectionem
427 1493 521 1536 jussi
538 1498 635 1527 sunt.
685 1493 850 1526 Veniunt
866 1492 903 1525 in
916 1491 1177 1525 Macedoniam
1203 1490 1351 1524 absente
1368 1489 1545 1534 Philippo,
1562 1491 1624 1534 qui
1641 1490 1687 1523 de

218 1547 397 1581 industria
414 1550 497 1581 ante
522 1559 646 1581 eorum
673 1548 870 1581 adventum
895 1545 1166 1589 expeditionem
1191 1546 1397 1587 susceperat
1420 1544 1456 1577 in
1471 1543 1664 1577 Thraciam
1678 1555 1688 1584 ;

220 1613 410 1646 quumque
436 1603 560 1636 liceret
588 1612 787 1646 paucorum
813 1601 953 1634 dierum
979 1599 1105 1634 itinere
1131 1599 1229 1634 adire
1256 1599 1300 1632 ad
1332 1609 1428 1639 eum,
1452 1600 1490 1631 et
1516 1608 1687 1642 magnam

222 1656 255 1689 T
258 1656 390 1690 hraeiae
416 1659 553 1700 partem
580 1667 737 1697 servare,
765 1664 962 1700 paucorum
987 1654 1190 1699 proditione
1214 1653 1349 1687 factum
1367 1655 1431 1695 est,
1448 1654 1578 1687 utnon
1593 1653 1686 1687 ulte-

222 1711 296 1744 rius
312 1711 628 1754 progrediendum,
643 1721 750 1755 quam
778 1712 873 1744 esset
898 1709 937 1744 in
961 1709 1153 1750 mandatis,
1181 1709 1244 1742 sed
1270 1707 1349 1751 ejus
1373 1707 1410 1741 in
1427 1707 1683 1742 Macedoniam

221 1765 379 1798 reditum
407 1765 667 1809 opperiendum
692 1766 901 1798 statuerent.
949 1762 1116 1797 Tandem
1138 1762 1198 1796 ille
1216 1762 1326 1803 venit,
1343 1772 1382 1795 re
1407 1764 1510 1805 gesta
1534 1772 1580 1795 ex
1605 1772 1685 1795 sen-

218 1819 342 1859 tentia,
359 1829 429 1852 nec
445 1822 567 1853 tamen
586 1819 645 1852 diu
664 1820 895 1863 exspectatus
913 1817 1047 1859 statim,
1064 1820 1105 1851 ut
1129 1827 1194 1861 par
1209 1818 1297 1857 erat,
1308 1815 1547 1859 jurejurando
1567 1826 1605 1849 se
1621 1816 1684 1849 ob-

219 1872 373 1915 stringit,
388 1873 452 1906 sed
468 1874 581 1906 nectit
598 1883 726 1914 moraS,
744 1875 781 1906 et
796 1871 964 1916 producit
979 1871 1131 1915 legatos,
1149 1872 1326 1914 quantum
1344 1872 1476 1914 potest,
1493 1870 1630 1904 interea
1646 1881 1684 1904 se

219 1937 433 1971 comparans
453 1927 497 1961 ad
517 1928 653 1962 bellum
672 1927 859 1961 Phocense
876 1927 912 1960 in
926 1925 1185 1959 Thebanorum
1200 1925 1350 1968 gratiam
1366 1927 1587 1969 susceptum.
1613 1925 1685 1958 Rc-

218 1982 288 2016 bus
312 1983 478 2016 omnihus
506 1983 736 2027 comparatis,
760 1984 797 2016 in
814 1982 909 2016 viam
934 1991 971 2014 se
989 1980 1052 2014 dat
1074 1991 1159 2014 eum
1184 1980 1351 2013 omnibus
1369 1979 1494 2023 copiis,
1512 1982 1622 2024 atque
1646 1980 1683 2013 in

215 2037 294 2080 ipso
311 2038 460 2071 demum
475 2037 602 2071 itinere
619 2038 654 2070 in
673 2037 820 2081 publico
837 2034 1031 2070 diversorio
1041 2035 1280 2078 jurejurando
1297 2044 1335 2067 se
1353 2033 1554 2076 obstringit,
1574 2036 1611 2067 et
1633 2034 1683 2067 le-

217 2094 320 2134 gatos
337 2090 509 2125 dimittit:
537 2091 601 2135 qui
620 2092 706 2125 duni
733 2091 885 2125 redeunt
911 2090 949 2123 in
973 2089 1139 2134 patriam,
1157 2089 1233 2133 ipse
1250 2089 1399 2130 interea,
1420 2098 1489 2121 nec
1506 2088 1683 2132 opinanti-

217 2146 286 2179 bus
303 2146 599 2187 Atheniensibus,
625 2157 716 2190 quos
741 2148 839 2179 certo
865 2144 1013 2186 sciebat,
1039 2144 1068 2177 si
1092 2144 1130 2177 id
1147 2146 1268 2177 essent
1292 2142 1511 2185 subodorati,
1528 2142 1682 2186 impedi·

217 2202 342 2234 mento
366 2200 517 2241 futuros,
542 2200 677 2243 trajicit
691 2199 950 2243 Thermopylas
975 2201 1013 2232 et
1027 2199 1128 2231 ducit
1151 2198 1188 2231 in
1207 2197 1423 2231 Phocenses.
1472 2197 1604 2240 Legati
1627 2207 1682 2230 re-

218 2255 311 2289 versi
327 2254 490 2288 Athenas
516 2256 730 2288 renunciant
755 2264 883 2298 pacem
904 2252 1142 2297 jurejurando
1169 2251 1342 2285 sancitam
1369 2262 1390 2284 a
1407 2251 1573 2295 Philippo
1597 2261 1681 2284 eum

215 2309 353 2353 populo
370 2309 598 2350 Atheniensi,
615 2312 652 2343 et
669 2310 784 2351 sociis,
810 2312 915 2342 extra
940 2307 1155 2350 Phocenses,
1178 2317 1260 2340 cum
1286 2306 1417 2350 quibus
1444 2307 1594 2349 negaret
1618 2306 1683 2340 ad-

219 2363 304 2397 duci
321 2374 358 2397 se
375 2374 480 2408 posse
497 2365 571 2398 ulla
596 2364 746 2405 ratione,
764 2365 806 2396 ut
819 2372 948 2407 pacem
961 2361 1105 2405 faceret,
1122 2360 1232 2405 quod,
1249 2360 1384 2404 templo
1403 2360 1582 2404 Delphico
1599 2370 1682 2403 spo-

214 2416 314 2459 liato,
331 2417 477 2451 immani
500 2418 686 2461 sacrilegio
703 2428 741 2451 se
759 2416 1076 2451 contaminassent.
1125 2414 1220 2449 Haee
1240 2424 1366 2447 omnes
1390 2416 1522 2457 praeter
1538 2413 1681 2448 AEschi-

214 2482 310 2514 nem,
327 2472 390 2516 qui
415 2482 509 2505 unus
535 2472 757 2513 adfirmabat,
774 2472 854 2505 haec
872 2481 894 2504 a
910 2469 1075 2514 Philippo
1099 2468 1229 2512 jactari
1255 2468 1414 2512 publice,
1432 2470 1473 2501 ut
1488 2467 1680 2501 Thebanos

214 2527 366 2568 falleret,
381 2527 514 2571 quibus
534 2529 611 2560 erat
626 2526 811 2566 infensus3
836 2524 1084 2560 Phocensibus
1113 2526 1235 2557 autem
1259 2522 1346 2556 nihil
1372 2533 1393 2555 a
1410 2521 1577 2566 Philippo
1601 2532 1679 2554 esse

222 2581 394 2625 periculi:
421 2581 460 2614 id
475 2581 539 2615 uni
563 2581 631 2614 sibi
649 2592 669 2614 a
686 2581 789 2624 Rege
815 2582 954 2614 secreto
982 2578 1228 2619 commissum,
1254 2580 1291 2610 et
1314 2577 1353 2610 in
1381 2586 1504 2609 aurem
1529 2575 1678 2609 dietum.

217 2636 288 2670 Sed
304 2635 556 2679 Athenienses,
572 2638 614 2669 ut
628 2635 746 2680 quide
760 2634 998 2668 phocensium
1016 2633 1131 2667 salute
1148 2631 1253 2666 valde
1266 2630 1488 2672 laborabant,
1506 2639 1579 2664 non
1594 2639 1680 2663 con-

215 2691 305 2724 tenti
322 2691 430 2724 unius
446 2690 652 2724 testimonio
667 2691 882 2731 decernunt,
900 2691 942 2721 ut
958 2687 1069 2721 iidem
1094 2686 1202 2730 legati
1226 2685 1378 2719 redeant
1402 2683 1506 2718 tertio
1531 2684 1576 2717 ad
1594 2683 1678 2717 Phi-

216 2744 370 2789 lippum,
395 2744 545 2788 ejusque
572 2744 731 2777 animum
758 2743 950 2786 explorent
974 2740 1193 2784 diligentius.
1243 2738 1370 2780 Quum
1395 2741 1517 2772 autem
1542 2737 1678 2771 Demo-

216 2798 360 2832 sthenes
387 2798 590 2842 abjurasset
616 2798 844 2842 legationem,
861 2794 1053 2830 AEschines
1081 2803 1239 2838 quoque,
1268 2802 1314 2826 ne
1338 2792 1426 2837 quid
1451 2791 1676 2825 adversarius

215 2862 278 2895 per
295 2862 396 2885 suam
413 2852 613 2886 absentiam
639 2851 823 2885 moliretur
841 2849 933 2891 novi,
951 2847 1136 2881 adversam
1162 2846 1406 2883 valetudinem
1430 2845 1595 2886 simulat3
1620 2856 1676 2879 re-

216 2905 304 2949 liqui
322 2916 405 2939 cum
422 2906 565 2941 duobus
580 2907 617 2940 in
635 2906 763 2939 horum
789 2906 907 2939 locum
934 2901 1039 2936 factis
1054 2902 1092 2935 in
1108 2902 1205 2935 viam
1231 2912 1268 2934 se
1293 2900 1400 2936 dant:
1427 2910 1613 2946 quumque
1637 2901 1676 2934 in

218 2961 363 2994 Euboea
380 2960 423 2994 de
441 2961 590 3004 perditis
607 2971 647 2995 ac.
666 2960 860 3006 profligatis
879 2956 1118 2993 Phocensium
1135 2956 1243 2991 rebus
1259 2957 1429 2992 certiores
1445 2957 1565 2990 essent
1579 2953 1676 2995 facti,
