1928 3284
255 213 365 268 366
663 221 822 271 FRI'D.
855 226 994 269 AUG.
1025 224 1246 268 WOLFH

300 335 378 373 Sed
399 347 484 386 age,
506 347 585 385 quo
605 335 743 373 melius
766 334 894 372 statim
917 333 1039 371 totius
1060 345 1209 370 caussae
1231 329 1457 369 constitutio
1479 333 1621 380 pateat,
1642 329 1700 367 in-

250 409 420 435 seramus
441 396 530 434 huic
549 397 637 435 loco
650 402 916 447 argumentum
939 393 1152 432 Orationis.
1209 393 1252 430 In
1276 405 1355 442 quo
1375 392 1428 429 sic
1449 391 1699 434 versabimur,

249 464 292 496 ut
311 457 477 508 primum
501 470 565 496 eas
585 459 766 503 rationes,
788 469 885 506 quas
913 456 1095 505 Leptines
1122 455 1216 505 ipse,
1235 455 1294 491 vel
1323 454 1360 499 ii,
1382 453 1448 502 qui
1470 452 1554 501 ejus
1574 458 1702 502 partes

249 526 516 568 sequerentur,
539 519 743 557 videantur
762 518 949 562 attulisse,
969 516 1111 554 deinde
1132 515 1369 554 adversarias
1387 513 1562 552 Oratoris
1579 512 1701 550 nostri

248 581 355 619 brevi
375 582 413 618 in
432 587 644 632 conspectu
673 592 876 630 ponamus.
933 578 1023 614 Non
1051 577 1177 614 omnia
1199 577 1301 614 enim
1322 587 1611 627 persequemur,
1633 573 1701 611 sed

252 643 458 681 libabimus
480 655 538 680 res
559 655 738 686 summas,
760 653 847 690 quae
870 640 1030 677 maxime
1057 653 1230 677 caussam
1253 639 1414 682 faciunt,
1436 651 1506 675 nec
1525 640 1640 687 plane
1656 649 1703 672 eo

251 704 401 749 ordine,
423 717 502 753 quo
524 703 631 753 apud
660 702 960 740 Demosthenem
981 702 1172 751 leguntur,
1203 701 1270 737 sed
1301 713 1405 750 saepe
1425 699 1474 736 ad
1502 697 1702 736 arbitrium

250 772 424 802 nostrum
455 770 615 802 mutato.
675 764 853 801 Ceterum
885 775 1015 812 operae
1047 762 1211 810 pretium
1241 760 1372 804 faciet,
1396 760 1475 809 qui,
1504 772 1583 809 quo
1616 758 1702 795 loco

252 838 421 875 quaeque
452 825 502 862 ab
532 824 599 862 illo
628 825 776 874 prolata
807 826 895 868 sint,
917 823 1120 872 diligenter
1153 822 1351 871 spectarit,
1375 834 1450 870 qua
1479 820 1516 856 in
1547 832 1586 856 re
1613 818 1702 856 artis

251 887 459 937 plurimum
481 885 659 935 reperiet.
714 885 789 923 Sed
803 884 887 934 jam
909 884 1072 934 prodeat
1090 884 1192 931 (narn
1210 883 1371 932 obliqua
1391 881 1605 919 narratione
1625 892 1702 916 uon

253 955 420 997 utemur⁷
439 947 726 997 perspicuitatis
742 948 895 992 caussa)
911 945 1087 995 prodeat,
1110 944 1282 993 inquam,
1298 944 1424 993 ipsum
1445 942 1596 980 celebre
1618 954 1702 991 par,

252 1017 389 1048 contra
410 1009 545 1060 positis
561 1009 794 1059 argumentis
816 1014 981 1045 certans.
1029 1006 1198 1044 Primum
1216 1006 1399 1056 Leptines
1417 1018 1426 1042 ι

307 1077 332 1092 “
352 1070 543 1108 Videntur
563 1070 669 1108 brevi
698 1076 872 1119 tempore
893 1067 1064 1105 defuturi
1083 1080 1178 1111 esse,
1199 1066 1266 1115 qui
1294 1066 1455 1114 liturgiis
1482 1064 1703 1115 fungantur,

253 1131 572 1182 quandoquidem
600 1131 710 1168 nimis
737 1130 856 1174 multi,
891 1128 1129 1166 immunitate
1158 1127 1295 1173 ornati,
1324 1126 1373 1164 ab
1403 1126 1475 1163 hac
1505 1125 1703 1163 functione

254 1201 295 1231 et
315 1205 408 1231 cura
428 1206 468 1230 se
489 1193 757 1231 subtrahunt.”

308 1260 334 1276 “
353 1254 437 1292 Jam
467 1266 624 1291 munera
655 1253 736 1291 fere
756 1253 803 1290 ad
834 1253 969 1303 inopes
993 1252 1227 1297 reciderunt,
1255 1250 1444 1288 ditissimo
1473 1261 1630 1299 quoque
1660 1259 1706 1284 ea

255 1315 491 1366 defugiente.
545 1317 674 1362 Quare
692 1316 773 1366 lege
790 1329 889 1366 opus
905 1321 975 1360 est,
991 1327 1079 1364 quae
1092 1313 1199 1364 inopi
1217 1312 1450 1350 multitudini
1471 1324 1567 1349 onus
1586 1310 1703 1356 levet,

254 1378 393 1416 divites
413 1385 527 1427 cogat
543 1391 634 1427 opes
651 1391 736 1415 suas
759 1377 794 1414 in
817 1390 925 1414 usum
947 1377 1129 1427 Reipubl.
1151 1375 1361 1413 conferre.''

310 1443 335 1462 “
358 1439 498 1488 Neque
517 1438 616 1476 enim
636 1438 751 1476 decet
769 1438 938 1488 privatos
960 1451 1006 1475 ex
1022 1437 1324 1475 immunitatibus
1344 1435 1495 1474 divitias
1517 1447 1703 1484 quaerere,

256 1513 373 1550 quun]
392 1499 575 1549 Respubl.
597 1500 634 1537 in
649 1513 795 1537 summa
815 1499 1046 1536 difficultate
1066 1498 1238 1536 numaria
1259 1499 1343 1535 sit.''

311 1567 338 1583 “
357 1562 453 1599 Sunt
472 1561 571 1599 inter
598 1575 676 1607 eos,
700 1561 839 1610 quibus
860 1561 1032 1610 Populus
1054 1561 1128 1597 hoc
1150 1560 1348 1610 praemium
1377 1558 1573 1609 impertiit,
1596 1555 1704 1594 multi

254 1636 388 1674 parum
411 1636 456 1660 eo
487 1622 604 1673 digni,
627 1622 704 1660 sive
727 1621 832 1672 quod
865 1621 957 1659 illud
987 1621 1142 1659 omnino
1170 1627 1312 1671 praeter
1341 1620 1515 1657 meritum
1541 1631 1704 1668 accepe-

255 1691 359 1729 runt,
380 1685 457 1722 sive
478 1684 583 1734 quod
604 1691 812 1734 acceptum
832 1683 911 1720 vita
932 1689 970 1721 et
990 1683 1158 1720 moribus
1179 1683 1452 1720 dedecorant.'’

311 1750 335 1767 “
358 1745 475 1789 Quod
494 1745 679 1795 quoniam
701 1758 804 1795 saepe
825 1744 938 1781 nobis
959 1749 1152 1781 extortum
1169 1750 1228 1781 est
1247 1743 1384 1781 fraude
1405 1742 1593 1792 malisque
1613 1741 1702 1779 arti-

254 1809 340 1854 bus,
356 1821 434 1858 quo
456 1821 515 1845 res
535 1808 677 1846 certius
697 1813 880 1846 caveatur
895 1806 932 1843 in
946 1811 1158 1856 posterum,
1176 1806 1227 1843 ita
1241 1806 1380 1843 sanciri
1396 1806 1518 1855 legem
1535 1810 1703 1855 oportet,

256 1878 299 1909 ut
319 1871 393 1908 sibi
423 1871 506 1921 ipse
526 1871 697 1921 Populus
718 1871 756 1907 in
783 1874 1019 1920 perpetuum
1048 1867 1255 1906 interdicat
1275 1867 1558 1905 immunitatum
1579 1866 1706 1904 datio—

253 1946 353 1978 nem,
375 1945 420 1970 ac
438 1945 562 1983 poenae
578 1939 861 1983 proponantur,
877 1932 907 1971 si
929 1930 995 1980 qui
1016 1929 1159 1980 petat.''

310 1994 534 2044 “Ignotum
561 2000 621 2032 est
650 1994 730 2031 hoc
756 1994 906 2044 praemii
935 2006 1055 2044 genus
1086 1985 1389 2029 Lacedaemoniis
1424 1997 1464 2028 et
1491 1989 1702 2034 Thebanis,

254 2069 328 2092 nec
366 2054 471 2105 apud
514 2055 584 2092 hos
619 2060 746 2093 tamen
790 2068 866 2092 non
906 2054 998 2093 boni
1036 2052 1106 2090 viri
1143 2052 1383 2097 exstiterunt,
1417 2051 1543 2101 deque
1582 2051 1704 2100 patria

254 2117 441 2167 praeclare
472 2123 675 2155 merentes.
732 2118 873 2167 Neque
894 2130 991 2167 opus
1012 2115 1166 2152 omnino
1188 2115 1259 2151 hac
1279 2114 1504 2151 invitatione
1529 2113 1579 2150 ad
1605 2114 1703 2151 bene

256 2178 305 2216 de
322 2179 487 2229 Republ.
509 2178 736 2216 merendum
757 2192 851 2224 esse,
872 2178 1037 2216 maximo
1067 2183 1125 2213 est
1155 2182 1395 2226 argumento,
1416 2175 1522 2225 quod
1546 2188 1592 2212 ne
1622 2176 1704 2224 ipse

256 2239 413 2289 quidem
448 2240 621 2289 Populus
656 2240 800 2277 Athen.
835 2241 916 2290 ejus
948 2239 1039 2276 olim
1075 2250 1182 2275 usum
1223 2236 1370 2273 habuit.
1446 2236 1570 2273 Immo
1610 2243 1704 2282 tum,

256 2316 375 2353 quum
410 2302 604 2352 Respubl.
643 2301 807 2339 maxime
836 2301 1002 2339 florebat
1044 2299 1182 2338 civium
1222 2297 1373 2343 studiis,
1407 2297 1564 2347 praemia
1597 2304 1706 2335 erant

254 2362 516 2401 tenuissin1a.”

311 2431 335 2450 “
359 2426 510 2469 Cetera,
532 2438 619 2475 quae
650 2425 750 2475 apud
772 2438 841 2462 nos
872 2424 1011 2462 usitata
1033 2429 1133 2467 sunt,
1157 2428 1316 2467 statuas,
1339 2422 1481 2459 victum
1513 2421 1704 2471 Prytanei,

256 2488 345 2533 alia,
369 2489 517 2537 integra
546 2493 583 2525 et
613 2488 759 2524 intacta
779 2487 915 2536 reliqui
937 2485 1134 2535 rogatione
1155 2497 1250 2528 mea,
1273 2497 1390 2521 unum
1420 2490 1459 2521 et
1488 2483 1612 2520 minus
1633 2483 1705 2520 illis

257 2549 407 2594 sustuli,
430 2549 734 2587 immunitatem:
767 2562 814 2586 ne
841 2548 930 2598 quis
956 2547 1170 2585 mercedem
1192 2545 1324 2583 virtuti
1353 2558 1377 2582 a
1404 2558 1463 2582 me
1492 2545 1703 2582 detractam

260 2611 548 2649 calumnietur.”

310 2679 336 2694 “
359 2672 540 2722 Denique
569 2672 732 2722 liturgiae
753 2672 842 2718 illae,
865 2684 1028 2721 quarum
1055 2670 1272 2708 immunitas
1292 2683 1374 2707 esse
1395 2669 1505 2713 solet,
1528 2675 1705 2719 spectant

262 2733 551 2784 quodammodo
580 2734 628 2771 ad
659 2746 780 2771 sacra.
836 2733 963 2771 Sacris
991 2738 1118 2769 autem
1151 2731 1372 2769 muneribus
1397 2743 1619 2780 quenquam
1647 2744 1706 2769 va-

257 2808 358 2839 care,
376 2794 482 2832 nefas
502 2796 597 2833 est.’'

311 2856 423 2893 Plura
442 2869 489 2893 ex
515 2856 574 2893 his
595 2869 685 2894 sane
708 2857 882 2906 speciosa
902 2861 990 2893 suut
1009 2860 1048 2891 et
1065 2860 1155 2904 apta
1175 2853 1225 2891 ad
1246 2851 1572 2904 persuadendum.
1628 2852 1704 2890 Sed

259 2918 541 2955 Demosthenes
573 2919 738 2968 opponit
768 2931 825 2963 ea,
852 2930 939 2968 quae
962 2916 1021 2954 vel
1044 2915 1160 2961 nuda,
1180 2915 1360 2965 omnique
1381 2914 1548 2951 oratorio
1569 2921 1707 2952 ornatu

254 2977 444 3027 detracto,
466 2979 580 3018 hodie
598 2979 789 3030 legentem
807 2978 1018 3017 sollicitare
1036 2977 1194 3027 possint,
1208 2982 1343 3015 ornata
1363 2982 1490 3014 autem
1507 2974 1706 3025 Populum
