1928 3284
717 211 1203 256 PROLEGOMENA.
1575 197 1684 252 565

229 323 449 363 ranuicidas
477 321 619 362 nemini
649 320 811 371 contigit
841 327 986 371 praeter
1015 319 1227 364 Solonem,·¹
1256 332 1384 369 neque
1419 332 1466 357 eo
1500 319 1687 370 proximis

231 385 474 436 ιειιιρυιϋυε
514 383 662 434 dignati
694 388 784 420 sunt
819 381 1034 427 Miltiades,
1064 380 1364 426 Themistocles,
1401 380 1478 426 alii,
1511 381 1690 430 quamvis

230 447 397 485 maxima
429 446 531 485 sama
558 444 779 482 meritorum
814 442 913 481 inter
940 456 1029 481 suos
1057 442 1276 494 conspicui.
1334 442 1460 491 AEque
1488 455 1573 480 raro
1590 457 1691 492 προε-

230 509 326 558 δρία,
350 508 388 547 id
408 515 479 554 est,
503 505 726 545 honoratior
745 505 854 543 locus
883 504 1045 543 sedendi
1067 505 1106 542 in
1125 504 1305 550 ecclesia,
1330 502 1503 548 theatris,
1524 503 1689 553 aliisque

230 568 486 621 popularibus
505 568 768 613 consessibus,
799 567 863 605 illa
882 573 998 605 aetate
1017 566 1202 607 dabatur:
1227 580 1316 605 nam
1335 565 1385 604 ad
1405 565 1508 603 hunc
1530 578 1690 615 quoque

231 631 415 670 honorem
429 629 588 668 decreto
604 628 743 680 Populi
763 641 860 679 opus
877 631 989 667 erat.v
1047 629 1189 667 Verum
1208 627 1369 667 Periclis
1385 626 1544 671 saeculo,
1565 626 1597 664 si
1614 627 1691 665 Co-

231 692 333 730 mico
353 691 558 741 credimus,
588 691 727 730 invasit
748 704 883 729 omues
902 703 1009 728 vana:
1031 690 1203 740 gloriolae
1235 703 1358 736 amor,
1376 695 1416 728 et
1435 689 1530 727 alios
1551 701 1694 739 praece-

232 752 352 791 dendi
382 754 626 804 primamque
655 752 785 791 sedem
815 752 1041 804 occupandi
1062 752 1276 804 cupiditas,
1296 751 1457 803 praemia
1477 757 1606 788 autem
1625 749 1694 787 ob-

234 814 426 853 solescere
447 820 674 866 coeperunt3
704 827 839 864 quum,
861 826 949 864 quae
971 820 1086 852 antea
1105 820 1235 852 essent
1263 813 1420 852 summis
1453 810 1599 849 meritis
1629 823 1694 848 ne-

233 883 337 928 gata,
359 889 462 927 saepe
481 875 771 927 indignissimus
787 874 957 926 quisque
977 873 1161 914 auferret.
1216 875 1316 913 Dein
1339 872 1481 924 Populi
1502 872 1695 922 impotens

235 939 372 977 levitas
391 938 626 988 amplissima
647 951 830 988 quaeque,
853 944 892 976 et
912 937 1034 988 ipsam
1055 937 1286 982 civitatem,w
1307 935 1445 974 effudit
1468 935 1504 972 iu
1533 934 1696 984 primum

234 1013 444 1051 quemque,
480 1000 616 1046 civem,
649 999 910 1051 peregrinum,
943 999 1147 1048 Graecum,
1181 998 1393 1036 Barbarum
1411 1010 1420 1040 ;
1467 1008 1546 1046 qua
1577 995 1626 1034 de
1656 1008 1697 1035 re

236 1063 424 1101 Oratores
446 1061 589 1112 passim
620 1061 787 1112 graviter
806 1065 1131 1112 conqueruntur.’‘
1187 1061 1289 1098 Tum
1314 1058 1499 1110 imprimis
1518 1057 1700 1108 frequen-

236 1130 318 1163 tata
338 1124 496 1171 σίτησις,
518 1137 586 1162 seu
607 1127 752 1170 σίτησις
773 1125 814 1161 ἐν
832 1123 1063 1176 Πρυτανείῳ,
1084 1123 1122 1162 id
1147 1129 1219 1168 est,
1242 1122 1364 1160 victus
1384 1119 1636 1171 quotidianus
1658 1118 1696 1157 ln

238 1186 448 1237 Prytaneo,
471 1199 559 1237 quae
582 1199 642 1224 res
658 1186 800 1224 nemini
820 1185 952 1236 ignota
968 1192 1028 1224 est
1049 1198 1118 1236 per
1138 1184 1338 1223 historiam
1360 1182 1556 1228 Socratis;
1576 1187 1614 1220 et
1633 1193 1699 1220 co-

237 1261 356 1294 ronae,
379 1261 454 1286 non
471 1248 632 1298 insignia
652 1249 769 1297 regiae
791 1247 991 1297 diguitatis
1011 1246 1114 1298 apud
1137 1253 1284 1285 veteres
1302 1245 1475 1296 quidem,
1497 1244 1566 1282 sed
1587 1256 1700 1282 orna-

241 1316 369 1347 menta
384 1309 591 1359 ejusmodi,
609 1309 750 1359 quibus
771 1308 960 1347 Civitates
982 1309 1041 1346 vel
1063 1322 1102 1347 se
1119 1308 1295 1352 invicem,
1315 1307 1375 1346 vel
1391 1307 1495 1345 cives
1515 1319 1606 1345 suos
1621 1304 1701 1344 affi-

238 1377 401 1409 cerent.y
460 1371 573 1409 Plura
602 1378 731 1409 autem
752 1384 799 1408 ex
829 1370 888 1408 his
907 1383 952 1408 ea
972 1370 1056 1421 lege
1076 1370 1160 1408 dari
1185 1370 1376 1414 solebant,
1399 1375 1441 1407 ut
1469 1367 1517 1406 ad
1540 1366 1641 1406 filios
1659 1373 1701 1406 et

239 1438 417 1483 posteros
437 1439 624 1483 tanquam
655 1432 881 1470 hereditatis
903 1432 994 1481 jure
1024 1431 1238 1469 cederent.²
1294 1432 1412 1469 Certe
1447 1429 1699 1468 immunitatis

239 1493 397 1543 dandae,
429 1495 535 1544 quod
558 1494 703 1532 donum
733 1493 996 1544 pervulgatius
1022 1506 1044 1530 a
1075 1493 1176 1531 bello
1196 1490 1531 1543 Peloponnesiaco
1553 1490 1701 1529 factum

239 1554 405 1602 videtur,
427 1556 488 1594 vix
504 1556 575 1594 suit
594 1556 669 1594 alia
687 1555 873 1594 conditio.
911 1555 1052 1605 ltaque
1067 1567 1187 1605 quum
1204 1555 1333 1605 plures
1351 1567 1454 1592 nunc
1474 1554 1703 1606 superstites

239 1624 370 1656 essent
400 1619 547 1669 posteri
579 1631 726 1665 eorum,
761 1618 828 1669 qui
860 1617 1139 1655 immunitatem
1171 1617 1265 1655 olim
1300 1617 1544 1661 meruissent,
1573 1615 1704 1666 plures

239 1678 425 1731 deinceps
445 1693 530 1718 eam
551 1680 654 1719 facili
675 1680 826 1731 Populo
844 1686 1202 1730 consequerentnr;
1232 1677 1410 1717 nonnulli
1430 1679 1561 1724 etiam,
1581 1677 1620 1715 in
1644 1677 1702 1715 his

240 1740 406 1792 improbi
427 1742 613 1789 homines,
635 1743 821 1793 nulloque
843 1755 913 1780 suo
934 1742 1072 1779 merito
1093 1741 1188 1787 noti,
1205 1741 1298 1779 dolo
1317 1747 1358 1779 et
1378 1739 1516 1780 fraude
1538 1752 1702 1790 usurpa-

242 1811 356 1848 rent,¹
377 1804 535 1855 publice
556 1818 647 1842 vero
675 1817 823 1843 summa
849 1810 951 1842 esset
980 1803 1137 1854 inopia:
1170 1803 1354 1854 Leptines
1383 1802 1506 1842 videri
1533 1802 1662 1854 potuit
1682 1815 1703 1841 e

243 1865 410 1916 Republ.
433 1865 574 1912 facere,
594 1866 701 1917 quod
717 1878 876 1917 pravam
897 1865 1222 1904 consuetudinem
1237 1865 1320 1916 lege
1338 1864 1500 1903 ferenda
1514 1864 1703 1902 aboleret.

287 1975 301 1989 ⁸¹
316 1969 385 1998 vid.
405 1970 571 1999 Mean-«inin
586 1970 625 1999 de
638 1971 758 2000 Ceram-
775 1981 853 2007 gem.
866 1973 954 2001 c.1t3.
989 1971 1154 2000 mosthenis
1168 1982 1226 2000 nnn
1243 1976 1300 2007 est,
1318 1971 1370 2001 sed
1385 1981 1423 2000 ex
1439 1969 1506 2000 aliis
1518 1968 1706 2008 ejus‚1naxi-

287 2013 361 2041 'De
385 2014 455 2051 jure
482 2013 627 2052 προιδςίας
652 2014 730 2043 conf.
759 2015 891 2045 Cas-auh.
918 2015 955 2044 ad

242 2056 449 2095 Theophrast.
466 2056 606 2087 Clmruet.
635 2059 666 2087 5.
692 2064 720 2088 et
741 2058 956 2087 Hemsterhus.

244 2099 281 2127 ad
301 2098 457 2128 Pollucem
475 2100 568 2128 vm.
586 2103 656 2130 153.

285 2146 305 2160 '¹
321 2142 475 2179 Quantum
491 2142 622 2181 pretium
645 2143 728 2178 olim,
757 2143 882 2173 notente
909 2142 956 2173 di-

244 2185 384 2225 sciplina.
412 2186 614 2216 Athenienses
637 2187 699 2225 juri
727 2185 864 2216 civitatis
894 2197 957 2216 nuae

246 2228 419 2263 statuerint,
433 2235 535 2258 notum
554 2234 602 2259 est
617 2230 645 2260 in
665 2230 786 2268 vulgus,
801 2235 829 2258 et
846 2230 958 2259 docent

245 2271 387 2311 exempla
411 2272 514 2310 negati
540 2273 588 2301 vel
618 2273 796 2312 potentibus
821 2273 957 2310 regibus,

246 2314 347 2352 qualia
377 2314 472 2345 libelli
513 2315 737 2354 Antiquitatum
777 2322 956 2355 suggerunt.

247 2357 307 2386 Sed
325 2358 519 2387 eximendum
550 2358 589 2387 iia
614 2359 766 2398 exernplis
799 2364 844 2387 est
872 2359 959 2395 illud,

247 2400 327 2439 qnod
339 2401 482 2430 l'ottcrus
495 2401 608 2440 aliique
622 2402 690 2430 inde
704 2413 720 2431 a
732 2402 859 2441 sigonio
872 2412 959 2441 repe-

247 2449 329 2478 tunt,
343 2443 383 2473 do
410 2444 550 2479 Menone,
570 2445 741 2479 Phar-salio.
756 2450 787 2474 et
804 2445 962 2480 Perdicca,

249 2487 453 2517 Macedonum
471 2498 554 2526 rege.
584 2493 711 2517 tracium
733 2499 772 2518 cx
801 2488 960 2518 Demosth-

247 2530 286 2558 ἀι·
300 2530 377 2569 nep.
391 2531 490 2559 ordin.
538 2530 599 2567 Qui
626 2531 715 2560 ambo
742 2530 821 2560 enim
850 2531 906 2561 hoc
930 2531 960 2560 in

247 2573 316 2602 tooo
333 2573 399 2603 sola
415 2573 603 2603 immunitate
616 2574 713 2603 nrnati
727 2584 795 2603 esse
807 2574 961 2609 dicuntur,

248 2616 374 2646 eoadem
396 2619 507 2646 Orator
523 2617 582 2646 alio
599 2618 677 2650 loco,
709 2618 759 2646 uhi
788 2617 839 2647 illa
855 2618 960 2647 eadem

251 2664 282 2688 et
305 2659 414 2689 iisdem
434 2660 538 2689 verbis
555 2666 728 2695 recurrunt,
745 2660 808 2690 sola
835 2661 961 2690 civitate

251 2707 372 2731 ornatos
395 2703 482 2737 dicit,
514 2713 568 2732 nec
596 2703 637 2732 ibi
663 2705 701 2732 «lo
719 2703 907 2734 immunitate
924 2714 961 2733 ne

249 2746 446 2784 mquidem.
502 2746 594 2785 Quod
627 2752 726 2776 utrum
755 2747 792 2776 ad
818 2748 963 2786 exemplu

250 2787 320 2816 fidei
360 2788 501 2818 orator-irc
539 2790 718 2824 reseramus,
755 2801 821 2829 qum
850 2791 961 2830 parfia·

251 2831 416 2868 leguntur?
453 2841 490 2860 un
526 2832 625 2871 ipsum
654 2833 805 2869 dicamus,
837 2834 962 2862 meliora

251 2874 406 2908 edu-etum,
422 2874 450 2903 in
464 2875 557 2905 altera
574 2877 720 2906 Oratione
737 2887 769 2905 ιο
787 2877 966 2905 revocasse?

253 2916 330 2945 Mihi
358 2922 465 2946 neutro
492 2917 617 2948 inclinat
647 2919 775 2949 animus.
836 2920 912 2949 Nun
936 2919 962 2948 »i

250 2959 323 2998 qaid
350 2959 452 2995 video,
477 2960 598 2997 Oratio,
612 2972 678 3000 qna·
696 2961 874 2992 inscribitur
904 2962 962 2999 πιρὶ

252 3002 421 3041 συντάξεως.
438 3013 491 3033 seu
508 3004 546 3034 do
559 3004 692 3043 Republ.
712 3005 889 3039 ordinanda,
904 3006 964 3034 De·

990 2025 1037 2044 me
1052 2014 1180 2053 Oly-nih.
1198 2015 1258 2044 ΙΙΙ.
1275 2019 1304 2043 et
1322 2014 1532 2044 Aristocraten
1549 2013 1586 2042 ab
1603 2011 1706 2051 aliquo

993 2058 1204 2087 Declamatorc
1246 2057 1382 2087 consutis
1417 2057 1522 2095 parmis
1557 2056 1707 2086 confecta.

990 2101 1136 2130 Ceterum
1156 2101 1259 2139 plures
1284 2100 1454 2139 posteriore
1473 2104 1572 2129 tractu
1588 2104 1707 2138 tempo-

991 2154 1057 2174 rum
1069 2144 1288 2173 immunitatem
1306 2143 1476 2173 habuerunt
1492 2141 1657 2183 principes,
1674 2145 1707 2170 ut

992 2192 1104 2226 praeter
1134 2188 1308 2218 Leuconem
1341 2187 1507 2224 Dionysius
1533 2196 1600 2215 curn
1625 2184 1707 2219 liliis,

991 2230 1132 2265 Sitalces,
1150 2241 1204 2261 rex
1221 2231 1384 2265 Thracum,
1414 2232 1578 2266 magmas,
1594 2227 1707 2268 Cypri-

993 2284 1039 2309 us,
1063 2273 1138 2310 alii;
1176 2285 1210 2303 ac
1239 2275 1344 2312 plnres
1376 2273 1448 2302 item
1478 2272 1604 2311 privati,
1631 2270 1705 2300 alibi

992 2317 1174 2347 habitantes.
1220 2317 1308 2346 Cont‘.
1329 2316 1394 2347 Cic.
1417 2327 1474 2356 pro
1486 2316 1579 2345 Corn.
1609 2314 1707 2344 Balbo

993 2371 1020 2389 c.
1039 2363 1086 2390 1¹2.

1038 2408 1051 2423 Χ
1071 2403 1112 2432 Ut
1139 2402 1302 2433 Demostli.
1324 2402 1353 2431 in
1383 2402 1564 2432 Aristocrat.
1582 2411 1611 2439 p.
1631 2401 1706 2430 687.

994 2456 1039 2485 sq.
1059 2447 1108 2475 ed.
1128 2446 1166 2475 R.
1220 2446 1282 2476 Sed
1311 2445 1394 2481 vido,
1419 2455 1507 2484 quani
1537 2444 1605 2473 huic
1632 2442 1706 2482 ipsi,

994 2490 1044 2528 qui
1059 2489 1135 2518 alios
1163 2494 1286 2519 accusat
1309 2489 1413 2518 talium
1441 2489 1632 2518 decretorum
1655 2496 1706 2517 au-

995 2538 1109 2567 ctores,
1140 2533 1238 2562 «licam
1271 2531 1420 2571 impingat
1465 2530 1638 2560 Dinarchus
1677 2528 1707 2559 iu

995 2576 1083 2605 Orat.
1098 2580 1203 2604 contra
1222 2585 1289 2604 eum
1303 2575 1403 2604 habita
1420 2584 1451 2613 p.
1469 2575 1519 2602 ἰῖζῖ.
1534 2583 1599 2611 seq.

1040 2624 1051 2645 5
1072 2619 1140 2648 vid.
1185 2619 1316 2648 l'etitum
1359 2618 1418 2647 1⁴11.
1463 2616 1528 2645 ΑΛ.
1559 2626 1591 2654 p.
1633 2617 1706 2646 37⁷.

996 2662 1187 2700 Quanquam,
1214 2660 1359 2700 perlectis
1378 2658 1531 2689 AEwhinix
1548 2665 1578 2688 net
1600 2657 1706 2688 Nostri

996 2705 1157 2734 contrariis
1174 2707 1272 2733 otuu.
1295 2704 1332 2731 «le
1355 2704 1484 2735 Corona,
1502 2701 1586 2731 illum
1603 2706 1707 2731 aueto-

997 2758 1059 2778 rern
1078 2758 1182 2786 parurn
1196 2746 1395 2776 desiderabis.

1041 2797 1051 2811 ¹
1069 2790 1220 2830 lrnprirnis
1234 2787 1358 2823 σίτησις,
1371 2788 1521 2817 interdurn
1537 2792 1566 2820 ct
1574 2787 1710 2828 προεδρίη.

1001 2833 1114 2863 Eadem
1131 2833 1206 2861 rntin
1236 2832 1292 2861 snit
1315 2830 1455 2871 προξενίας
1483 2835 1512 2859 ct
1543 2830 1709 2871 ιῦιςγισίας,

997 2877 1036 2905 de
1051 2875 1163 2914 quibus
1177 2886 1205 2904 v.
1222 2876 1391 2904 Cnunmont.
1409 2875 1434 2910 6.
1451 2874 1494 2903 ιδ’.
1511 2878 1541 2902 et
1556 2874 1600 2903 ιιῆ.

1042 2925 1055 2939 ¹
1075 2918 1143 2947 Vid.
1169 2921 1190 2952 §.
1211 2930 1255 2947 κη.
1304 2919 1342 2948 b't
1370 2918 1448 2947 alins
1473 2916 1609 2955 ejusdum
1632 2922 1710 2947 notre

999 2961 1134 2990 hominen
1171 2961 1296 2992 sortasse
1327 2961 1445 2991 addidit
1485 2959 1630 3000 bomine·
1659 2965 1710 2990 aut

999 3004 1137 3043 syndici.
