1928 3284
220 204 326 267 196
541 217 790 257 TAYLORI
821 217 1072 257 PRAEFAT.
1102 218 1180 257 AD
1211 219 1352 258 DEM.

215 326 347 359 iterum
364 322 525 367 Ulpiani,
543 325 605 368 qui
623 323 669 357 ad
693 322 981 357 Commentarios
1003 331 1086 357 suos
1111 321 1158 355 ad
1180 320 1466 355 Demosthenem
1489 320 1544 354 his
1560 322 1681 356 verbis

218 379 356 421 alludit,
370 381 411 412 ut
427 381 527 423 patet
543 389 590 412 ex
610 389 654 413 ea
669 378 863 419 locutione,
889 380 932 417 ὡς
949 379 1098 422 ἔγνωμεν
1119 379 1155 411 ἐν
1171 380 1241 416 τοῖς
1257 379 1527 421 Δημοσθενικοῖς,
1545 376 1590 410 de
1607 388 1679 421 qua

219 434 303 468 alibi
324 433 421 467 dixi?
447 433 650 467 potuissem
675 434 785 467 etiam
811 432 1007 476 adjungere
1032 431 1150 475 ipsum
1167 431 1388 472 AEschinem,
1414 432 1477 476 qui
1492 432 1680 466 confirmat

216 489 255 522 in
276 487 453 533 principio
470 499 544 521 sua>
563 487 805 529 Defensionis,
823 486 1017 520 surrexisse
1037 486 1187 520 Judices
1210 487 1246 519 in
1274 486 1445 527 Consilio,
1463 497 1545 520 cum
1568 496 1680 520 causa

220 545 399 587 ageretur,
424 544 461 577 ni
487 543 670 585 vidissem,
697 541 937 585 objectionem
963 541 1023 576 isti
1048 540 1256 575 auctoritati
1275 540 1496 585 jamdudum
1514 552 1592 576 esse
1616 552 1680 586 pa-

218 601 347 633 ratam.

266 652 337 686 Sed
363 662 457 696 pene
483 650 602 691 video,
627 650 718 695 quid
743 650 801 684 hic
826 651 879 684 rei
903 651 1041 693 agatur.
1088 649 1258 684 Dubitari
1281 650 1452 684 nimirum
1477 652 1608 695 potest,
1634 661 1682 684 an

219 706 358 748 Oratio,
384 717 493 751 quam
518 708 730 748 tractamus,
755 705 1024 748 Demosthenis,
1053 705 1103 739 sit
1123 708 1413 740 consummatum
1440 708 1477 739 et
1504 706 1681 739 sincerum

217 773 309 806 opus
333 762 435 796 istius
452 761 633 803 Auctoris,
659 763 696 795 et
719 772 740 795 a
764 772 875 795 manu
902 760 980 804 ejus
1003 760 1130 794 ultima
1145 761 1357 804 profectum.
1407 761 1458 795 Et
1472 760 1683 804 hujusmodi

219 817 292 851 sere
309 816 476 860 Suspicio
502 816 570 849 fuit
587 816 685 860 apud
702 816 935 861 antiquiores.
987 816 1147 849 Μάλιστα
1165 816 1182 848 ὁ
1196 816 1268 849 κατ’
1284 817 1447 859 Αἰσχίνου
1462 818 1566 859 λόγος
1582 816 1684 860 παρέ-

218 885 302 915 σχεν
316 874 429 906 αἰτίαν
445 873 481 906 ἐν
495 873 717 916 ὑπομνήμασι
743 873 1016 915 καταλελεῖφθαι,
1042 872 1135 904 οὔπω
1160 873 1226 911 τὴν
1243 872 1405 914 ἐργασίαν
1421 871 1615 914 ἀπειληφὼς
1632 883 1684 904 τε-

221 930 332 962 λείαν.
383 929 474 961 Διὸτι
499 930 555 961 καὶ
579 931 600 961 ἃ
627 930 712 972 πρὸς
737 930 803 968 τήν
819 917 1026 971 κατηγορίαν
1051 928 1189 967 πολλὴν
1205 927 1282 969 ἔσχε
1308 928 1373 967 τὴν
1390 926 1605 970 ἀμυδρότητα
1629 927 1685 959 καὶ

218 985 418 1027 κουφότητα,
437 985 493 1016 ἐπὶ
510 986 553 1026 τῇ
568 985 709 1027 τελευτῇ
725 984 782 1016 τοῦ
802 983 906 1026 λόγου
924 982 1100 1027 παρέθετο,
1117 982 1200 1025 ὅπερ
1217 983 1276 1014 οὐκ
1292 983 1336 1015 ἂν
1354 981 1515 1025 περιεῖδεν
1530 982 1548 1014 ὁ
1573 980 1684 1025 ῥήτωρ

216 1039 262 1078 εἰς
275 1039 424 1076 ἐξέτασιν
437 1038 677 1083 ἀκριβεστέραν
691 1042 759 1072 τῶν
777 1037 869 1071 ἰδίων
882 1038 996 1081 λόγων
1009 1037 1192 1076 καταστάς.
1242 1034 1395 1069 Photius
1412 1036 1448 1069 iu
1461 1035 1538 1069 vita
1549 1034 1686 1068 Demo-

217 1092 366 1127 sthenis.
393 1093 444 1126 Et
456 1103 590 1134 rursus,
609 1092 667 1126 Id.
686 1092 772 1126 ibid.
797 1092 834 1125 Ὀ
851 1094 937 1125 κατὰ
955 1091 1102 1132 Μειδίου,
1117 1092 1171 1124 καὶ
1187 1090 1260 1124 κατ’
1273 1091 1435 1134 Αἰσχίνου
1452 1091 1556 1134 λόγος
1571 1090 1686 1123 αἰτίαν

218 1147 296 1191 ἔσχε
313 1150 372 1180 τοῦ
388 1150 435 1191 μὴ
462 1149 527 1187 τὴν
544 1148 654 1187 αὐτὴν
670 1149 756 1180 κατὰ
782 1147 898 1179 πάντα
914 1145 1040 1191 α’ρετήν
1068 1149 1115 1189 τῷ
1137 1148 1375 1190 Δημοσθενικῷ
1391 1145 1686 1179 συνδιασώσασθαι

217 1205 418 1245 χαρακτῆρι.
468 1203 535 1234 Καὶ
552 1203 616 1245 γὰρ
633 1202 669 1234 ἐν
685 1203 756 1241 τοῖς
782 1201 856 1233 δυσὶ
881 1200 1012 1239 τούτοις
1034 1201 1149 1244 λόγοις
1173 1202 1206 1233 ἐκ
1231 1201 1474 1244 διαλειμμάτων
1491 1204 1594 1233 τινῶν
1611 1202 1687 1238 ταῖς

220 1256 341 1295 αὐταῖς
365 1257 508 1295 ἐννοίαις
533 1256 742 1298 ἐπιβάλλων,
757 1255 968 1299 ἁμιλλᾶσθαι
983 1254 1069 1288 δοκεῖ
1087 1257 1172 1299 πρὸς
1189 1255 1322 1297 ἑαυτὸν,
1339 1256 1451 1299 ὥσπερ
1469 1254 1688 1298 ἀσκούμενος,

219 1309 300 1344 ἄλλ’
317 1312 376 1345 οὐκ
401 1311 453 1345 ἐπ’
472 1311 588 1350 αὐτοῖς
609 1310 860 1355 α’γωνιζόμενος
877 1313 948 1349 τοῖς
974 1311 1093 1355 ἔργοις.
1113 1310 1162 1343 διὸ
1185 1311 1240 1342 καί
1264 1323 1351 1350 τινες
1376 1310 1516 1352 ἔφησαν,
1532 1310 1688 1354 ἑκάτερον

219 1366 326 1410 λόγον
343 1367 388 1399 ἐν
413 1366 568 1405 τύποις
599 1367 962 1409 καταλειφθῆναι,
997 1364 1107 1398 α’λλὰ
1138 1367 1191 1409 μὴ
1226 1367 1328 1408 πρὸς
1356 1364 1520 1398 ἔκδοσιν
1554 1363 1689 1397 διακεᾱ

221 1421 457 1465 καθ’ἁρθαι.
508 1420 559 1454 Et
583 1431 670 1454 sane
695 1431 739 1454 ea
766 1420 943 1464 Suspicio,
969 1418 996 1452 si
1022 1419 1111 1463 quid
1136 1418 1307 1452 concludi
1330 1420 1451 1462 potest
1474 1429 1521 1452 ex
1546 1427 1689 1451 summa

220 1484 342 1509 rerum
364 1475 526 1509 omnium
548 1474 771 1516 confusione,
797 1484 843 1507 ex
863 1472 1097 1516 argumentis,
1115 1473 1219 1517 quasi
1243 1472 1317 1506 tela
1334 1472 1504 1516 quadam,
1520 1472 1689 1517 inceptis,

219 1529 382 1563 necdum
408 1528 598 1572 pertextis,
615 1530 653 1561 et
677 1527 864 1562 sententiis
887 1526 1106 1561 inconcinne
1133 1528 1197 1559 aut
1221 1525 1341 1559 alieno
1356 1525 1438 1559 loco
1453 1526 1590 1569 positis,
1606 1536 1690 1570 pro-

218 1583 317 1618 fecto
333 1583 441 1618 fidem
458 1585 568 1617 nacta
584 1586 640 1617 est
664 1583 876 1617 maximam.
926 1581 1054 1615 Habes
1075 1579 1198 1624 igitur,
1210 1581 1253 1614 ut
1273 1579 1420 1614 credere
1444 1579 1497 1614 sas
1513 1582 1580 1622 est,
1599 1581 1691 1614 Ora-

219 1638 372 1680 tionem,
388 1648 461 1672 non
478 1638 522 1672 ab
538 1637 619 1681 ipso
637 1637 799 1670 Auctore
817 1634 1030 1680 perpolitam
1047 1636 1083 1668 et
1098 1634 1318 1677 evulgatam,
1334 1633 1398 1667 sed
1414 1644 1497 1678 quae
1521 1633 1692 1668 inchoata

221 1692 462 1735 solummodo,
480 1695 518 1726 et
543 1691 647 1737 quasi
665 1690 892 1733 adumbrata,
909 1700 956 1723 ex
981 1689 1062 1733 ejus
1086 1688 1388 1722 commentariolis
1410 1691 1449 1722 et
1471 1688 1611 1723 scriniis
1626 1700 1691 1723 ex-

220 1747 328 1783 cidit:
354 1748 489 1782 foetum
505 1747 658 1791 quidum
677 1745 893 1788 abortivum,
911 1743 977 1778 sed
999 1743 1203 1778 abortivum
1219 1743 1497 1778 Demosthenis:
1525 1745 1574 1786 et,
1590 1743 1691 1788 quod

221 1801 381 1837 criticus
406 1802 466 1836 ille
489 1811 654 1836 summus
676 1800 722 1834 de
749 1799 881 1834 summi
905 1799 1031 1833 Poetae
1055 1797 1190 1845 Ulyxea
1217 1798 1394 1844 scriptum
1415 1798 1587 1842 reliquit:
1610 1797 1692 1833 Sint

222 1868 303 1892 sane
319 1855 474 1899 Somnia,
490 1854 635 1890 Somnia
647 1861 761 1889 tamen
777 1860 856 1889 sunt
868 1853 976 1887 Jovis.

268 1912 331 1946 Ad
348 1911 413 1945 has
437 1914 572 1953 tamen,
589 1909 812 1945 cuicuimodi
829 1909 911 1952 sint,
929 1907 1121 1942 Orationes
1137 1917 1211 1942 non
1235 1917 1352 1953 nuper
1367 1909 1497 1952 solum,
1513 1907 1578 1942 sed
1592 1907 1691 1951 olim,

220 1977 366 2012 operam
386 1968 495 2011 atque
523 1965 738 2000 industriam
757 1964 992 1998 contulerunt
1013 1962 1083 1997 viri
1098 1963 1242 1997 eruditi.
1282 1962 1344 1997 Ad
1369 1962 1692 1997 Demosthenicam

221 2021 364 2066 scripsit
376 2020 615 2064 Apollonides
629 2019 777 2064 quidam
788 2017 993 2053 Nicaeensis
1009 2017 1114 2062 (Vid.
1127 2017 1366 2052 Ammonium
1382 2017 1578 2061 ν.”οφλειν)
1593 2018 1691 2051 idem

222 2077 383 2118 fortasse,
399 2077 441 2108 ut
451 2074 489 2108 id
501 2076 638 2108 interea
650 2074 900 2113 submoneam,
911 2072 974 2116 qui
989 2073 1036 2106 ad
1051 2072 1158 2106 Sillos
1171 2071 1335 2106 Timonis
1346 2071 1495 2105 Phliasii
1508 2082 1692 2105 commen-

222 2130 354 2164 tarium
379 2128 535 2173 scripsit,
551 2131 595 2162 ut
613 2138 659 2161 ex
679 2127 846 2170 Diogene
859 2125 1006 2160 Laertio
1028 2127 1170 2159 constat
1190 2125 1266 2159 IX.
1287 2128 1364 2160 109.
1380 2128 1417 2159 et
1428 2125 1575 2159 Tiberio
1594 2125 1691 2168 Imp.

224 2184 462 2219 consecravit.
513 2183 566 2217 Ut
583 2182 654 2224 ille,
676 2180 842 2226 quisquis
862 2179 982 2223 fuerit,
1007 2179 1052 2214 de
1070 2179 1317 2214 Demosthene
1330 2179 1457 2213 mereri
1473 2179 1623 2220 studuit,
1638 2178 1692 2212 ita

224 2241 359 2285 pariter
376 2239 422 2273 de
441 2237 616 2275 AEschine
643 2236 824 2280 Didymus
841 2235 1001 2279 quidam.
1048 2234 1159 2268 Istius
1175 2234 1226 2268 rei
1243 2234 1436 2277 vestigium
1453 2236 1573 2267 exstat
1589 2232 1690 2278 apud

225 2296 446 2340 Harpocrat.
462 2304 498 2328 v.
518 2294 724 2338 Προστασία.
760 2291 942 2335 Didymus
954 2289 1093 2334 ‘procul
1109 2289 1219 2323 dubio
1236 2289 1296 2323 ille
1318 2291 1385 2331 est,
1401 2289 1465 2333 qui
1488 2289 1534 2322 ad
1551 2288 1691 2322 Demo-

225 2351 388 2385 sthenem
406 2360 552 2395 quoque
576 2350 613 2383 et
632 2348 767 2382 Isaeum
785 2348 1055 2381 commentatus
1078 2347 1144 2387 est,
1163 2347 1200 2378 et
1223 2344 1269 2378 de
1282 2354 1355 2389 quo
1379 2344 1511 2388 pariter
1526 2343 1565 2377 in
1590 2353 1691 2377 com-

224 2405 380 2440 modiori
408 2404 490 2438 loco
515 2404 692 2438 dicemus.
740 2400 814 2435 Hic
838 2403 961 2434 tamen
985 2402 1111 2433 utrum
1135 2397 1349 2434 AEschinem
1372 2400 1504 2441 totum,
1528 2409 1574 2432 an
1596 2398 1690 2432 hanc

225 2460 443 2504 singularem
461 2458 564 2492 istius
584 2456 795 2490 Orationem
807 2454 1065 2489 commentario
1084 2464 1151 2488 suo
1162 2453 1408 2493 illustraverit,
1418 2453 1521 2486 nobis
1546 2462 1618 2486 non
1635 2454 1692 2486 est

225 2515 443 2559 permissum
477 2513 676 2547 adfirmare.
715 2510 839 2555 Atque
856 2509 921 2543 hos
945 2509 1094 2553 quidem
1118 2509 1223 2543 doleo
1247 2518 1325 2542 esse
1345 2508 1565 2551 interceptos
1588 2509 1693 2541 vetu-

226 2573 333 2611 state,
349 2568 593 2613 temporisque
611 2564 864 2600 inclementia:
892 2575 974 2608 quae
998 2562 1163 2597 meditati
1180 2565 1265 2596 sunt
1281 2562 1529 2603 Recentiores‚
1545 2561 1691 2596 invideo

226 2625 360 2660 minus.
398 2623 527 2658 Minus
543 2621 640 2656 enim
657 2620 840 2664 exquisita
856 2621 952 2661 sunt,
968 2629 1050 2663 quae
1068 2628 1222 2652 exorsus
1234 2618 1290 2651 est
1306 2615 1460 2650 scribere
1476 2615 1545 2649 Vir
1557 2615 1692 2660 alioqui

226 2691 299 2714 non
324 2680 504 2719 indoctus,
529 2677 587 2711 Fr,
605 2677 735 2710 Portus
762 2673 949 2709 Cretensis
958 2687 967 2714 ;
993 2683 1220 2718 quorumque
1248 2681 1367 2714 omne,
1391 2670 1492 2715 quod
1515 2672 1691 2715 superest,

227 2733 401 2778 conjungi
417 2733 509 2766 solet
525 2731 605 2776 ejus
615 2731 652 2764 in
665 2727 883 2774 Sophoclem
898 2727 1175 2761 commentariis.
1212 2726 1306 2767 Quae
1323 2725 1493 2759 studiosis
1506 2726 1543 2759 in
1559 2725 1692 2759 Schola

226 2787 422 2821 Paiisiensi
434 2786 603 2831 praelegit
619 2785 665 2819 ad
681 2783 775 2817 hanc
790 2782 948 2816 Causam
965 2782 1073 2817 Dion.
1092 2781 1309 2822 Lambinus,
1322 2782 1365 2814 ut
1380 2781 1532 2813 testatur
1543 2780 1581 2813 in
1595 2779 1692 2814 notis

229 2842 276 2877 ad
292 2842 401 2877 Corn.
420 2841 574 2886 Nepotis
591 2838 798 2874 Miltiadem
813 2837 841 2882 ξ.
853 2840 886 2872 4.
903 2848 958 2880 ea,
975 2847 1174 2881 nunquam,
1192 2835 1289 2880 quod
1306 2835 1430 2877 sciam,
1446 2835 1582 2880 publici
1596 2835 1692 2879 juris

229 2897 327 2931 fecit.
376 2897 509 2930 Procul
522 2895 634 2930 dubio
651 2895 804 2928 multam
823 2893 941 2927 lucem
959 2892 1138 2926 foenerata
1154 2894 1249 2925 esset
1264 2891 1342 2924 haec
1358 2889 1444 2934 biga
1462 2889 1691 2933 Orationum,

230 2951 261 2986 si
286 2951 486 2992 Mmssaci,
504 2950 571 2986 viri
587 2949 831 2991 eruditissimi,
856 2947 1052 2982 Lectiones
1075 2945 1293 2991 prodiissent
1319 2955 1503 2990 unquam:
1524 2945 1586 2979 An
1610 2955 1692 2989 pro-

231 3007 373 3050 dierint,
397 3006 536 3042 dubito.
561 3005 620 3041 Ibi
637 3004 744 3050 enim,
758 3014 808 3039 sc.
832 3002 914 3039 Lib.
932 3003 987 3039 ΙΙ.
1006 3003 1096 3047 Cap.
1118 3004 1170 3037 15,
1196 3000 1240 3036 de
1257 2999 1364 3036 variis
1385 2998 1568 3045 conviciis,
1584 3001 1693 3042 βλασ-
