1928 3284
1580 220 1690 275 377

227 338 388 377 cietates
407 337 586 390 permixti
606 336 870 388 opulentiores
888 348 977 375 cum
1003 336 1130 374 minus
1150 335 1360 386 opulentis,
1382 349 1427 375 ea
1447 337 1689 386 conditione,

229 406 274 437 ut
303 406 438 438 omnes
472 399 675 451 aequaliter
705 397 942 443 conferrent,
975 410 1023 436 ne
1055 397 1214 436 nimium
1245 405 1513 448 premerentur
1546 399 1584 444 ii,
1619 400 1688 450 qui

228 460 372 511 singuli
402 474 472 512 per
500 473 541 499 se
570 459 755 511 parandae
791 459 877 497 navi
912 459 1079 510 impares
1109 464 1252 504 essent,
1283 464 1351 496 aut
1380 459 1501 496 videri
1530 461 1685 500 vellent.

227 522 401 561 Omnino
422 522 577 560 videtur
594 520 821 559 trierarcbia
833 521 883 558 ab
898 520 1210 571 opulentioribus
1226 519 1369 570 saepius
1389 519 1438 558 ad
1455 533 1564 558 suum
1582 535 1687 560 com-

226 584 413 634 pendium
433 583 615 621 ordinata
634 595 731 628 esse,
751 589 791 620 et
809 596 856 620 eo
877 583 1035 632 quidem
1055 588 1244 632 tempore,
1267 581 1305 619 in
1326 594 1406 632 quo
1435 594 1537 619 nunc
1561 595 1687 621 versa-

227 659 326 693 mur,
347 660 470 698 prope
491 646 653 685 liberum
675 645 818 696 cuique
845 645 1047 684 arbitrium
1069 645 1312 696 permissum,
1336 644 1372 682 in
1394 657 1510 695 quam
1540 646 1687 694 portio-

226 721 314 747 nem
336 708 520 760 impensae
543 709 672 747 venire
691 708 820 746 vellet.
878 708 1016 758 ltaque
1038 707 1181 746 factum
1198 713 1258 745 est
1274 706 1499 758 aliquando,
1517 713 1558 744 ut
1574 707 1688 757 plane

224 769 450 809 viderentur
478 770 628 815 defore,
657 770 723 821 qui
745 782 882 808 munus
911 783 957 807 ex
978 769 1114 807 ordine
1134 769 1301 807 obirent.
1357 767 1402 805 ld
1429 768 1534 818 quod
1557 768 1689 818 colligi

223 837 322 881 puto
339 845 454 882 posse
476 845 523 870 ex
542 845 602 877 eo,
625 831 731 883 quod
750 831 910 882 Olynip.
928 835 1018 877 105,
1033 835 1066 869 3.
1084 830 1280 868 exstitisse
1298 829 1463 880 primum
1482 829 1690 868 traduntur

225 894 430 932 voluntarii
451 894 687 932 trierarchi.¹·
744 894 822 932 Sed
854 893 992 931 horum
1013 905 1100 943 quae
1122 892 1220 930 ratio
1241 891 1360 930 suerit
1390 903 1436 929 ac
1457 891 1687 941 descriptio,

225 968 304 994 non
331 956 511 1001 traditur,
549 955 664 993 immo
694 967 741 992 ne
775 955 813 992 id
850 954 1008 1005 quidem
1040 959 1210 998 constat,
1241 966 1291 990 an
1321 953 1424 990 sorte
1449 952 1502 989 illi
1529 965 1687 1003 operam

224 1029 332 1055 suam
354 1017 544 1056 duntaxat
563 1016 611 1054 ad
635 1015 747 1053 unius
770 1015 861 1052 belli
884 1015 1052 1052 Euboici
1073 1015 1344 1053 necessitatem
1364 1013 1589 1051 obtulerint.

277 1078 376 1116 Utut
403 1084 476 1123 est,
498 1077 676 1128 proximo
698 1076 826 1114 statim
849 1076 1053 1114 intervallo
1074 1076 1238 1114 mutatio
1256 1075 1415 1126 placuit.
1473 1075 1688 1114 Constituti

223 1144 311 1176 sunt
332 1139 382 1177 ad
405 1138 682 1183 trierarchiam,
701 1137 806 1186 quod
823 1138 906 1187 jam
928 1137 1033 1188 prius
1054 1137 1092 1174 in
1108 1140 1294 1189 εὶςφοραῑς
1307 1137 1453 1176 factum
1469 1143 1565 1183 erat,
1583 1137 1689 1176 mille

221 1212 268 1238 ac
290 1199 451 1238 ducenti
476 1201 579 1238 cives
607 1213 655 1237 ex
684 1211 846 1236 numero
876 1211 1022 1243 eorum,
1053 1199 1120 1248 qui
1146 1198 1296 1244 domos,
1316 1197 1473 1244 fundos,
1495 1198 1568 1237 alia
1597 1210 1686 1250 quae

222 1261 367 1299 moveri
391 1274 467 1299 non
488 1266 661 1311 possent,
684 1272 914 1309 numosque,
937 1273 1002 1298 seu
1037 1259 1171 1297 fenore
1204 1273 1271 1298 seu
1295 1259 1403 1310 apud
1424 1272 1595 1298 mensam
1616 1273 1689 1310 pu-

223 1321 365 1360 blicam
386 1329 616 1373 occupatos,
632 1320 907 1372 possidebant)
950 1321 995 1359 Id
1013 1334 1156 1372 corpus
1171 1328 1302 1360 autem
1319 1334 1395 1360 non
1412 1327 1509 1372 puto
1525 1321 1687 1360 omnino

220 1396 268 1421 ex
290 1383 426 1422 iisdem
454 1383 717 1434 compositum
737 1382 868 1428 fuisse,
890 1382 956 1433 qui
985 1388 1114 1421 essent
1139 1383 1178 1420 in
1209 1383 1686 1435 classibuscicupcpdvrwv:

221 1444 402 1484 videntur
421 1445 552 1496 potius
572 1458 618 1482 ex
635 1444 693 1490 iis,
709 1443 851 1494 quibus
870 1443 1033 1482 modica:
1056 1443 1204 1482 divitiae
1225 1451 1367 1491 esseut,
1383 1444 1515 1495 plures
1535 1444 1573 1482 in
1593 1444 1687 1482 solis

220 1509 406 1557 εῖςφοραῐς
441 1506 668 1550 contulisse,
700 1517 858 1543 vacasse
889 1511 1027 1543 contra
1061 1518 1083 1543 a
1122 1505 1379 1544 trierarchia.'¹
1447 1505 1685 1544 Constitutae

221 1567 338 1618 igitur
355 1567 405 1606 ad
434 1568 535 1606 hanc
566 1580 727 1618 quoque
748 1565 884 1617 viginti
914 1567 1151 1617 symmoriae,
1179 1579 1456 1618 sexagenorum
1484 1567 1687 1605 hominum

220 1630 395 1680 singulae,
426 1643 474 1668 ex
507 1629 652 1681 quibus
682 1629 801 1667 etiam
831 1628 972 1679 plures,
1005 1641 1122 1679 quam
1149 1636 1252 1676 ante,
1281 1629 1394 1668 unius
1420 1630 1528 1668 navis
1548 1641 1688 1668 caussa

214 1690 506 1742 jungebantur;
537 1690 699 1729 dubium
729 1697 856 1728 tannen
884 1703 932 1728 an
960 1697 1140 1729 manente
1174 1691 1243 1728 illo
1270 1691 1423 1729 delecto
1448 1691 1584 1730 ordine
1610 1697 1686 1730 tre-

220 1752 447 1790 centorum)
502 1754 634 1802 Atque
655 1752 741 1790 haec
760 1751 861 1789 ratio
878 1751 1116 1789 trierarchiae
1139 1751 1328 1790 saciendae
1351 1758 1490 1791 vocata
1516 1758 1574 1790 est
1596 1768 1685 1790 συν·

220 1816 355 1859 τελεια,
376 1813 416 1851 id
446 1820 505 1852 est
525 1813 781 1859 contributio,
808 1817 848 1850 et
878 1815 1081 1859 συντελεῖς,
1104 1826 1150 1851 ex
1177 1813 1321 1864 quibus
1354 1813 1562 1852 societates
1596 1813 1682 1851 istae

220 1873 404 1913 fiebant.¹¹’
450 1873 766 1923 Cujussationis,
784 1874 857 1912 etsi
875 1874 986 1924 quasi
1006 1874 1296 1925 praetereundo,
1314 1875 1368 1912 ita
1387 1880 1515 1912 tamen
1537 1874 1685 1913 Orator

697 227 1178 272 PROLEGOMENA.

220 1969 272 2009 qui
290 1969 377 2006 facit,
399 1969 467 2010 ipse
483 1970 572 2010 quusi
596 1970 743 2011 regulum,
762 1980 821 2010 qua
844 1974 931 2000 uten-

220 2013 294 2043 dum
311 2019 371 2047 est.
386 2013 538 2044 incurvat.

262 2055 278 2076 Β
299 2057 413 2087 Tribus
439 2057 542 2086 verbis
572 2066 647 2092 rem,
662 2063 804 2095 (anquam
829 2060 931 2086 notum

218 2098 424 2134 auditoribus.
449 2100 546 2139 tangit
573 2100 732 2130 Demosth.
757 2099 797 2128 de
818 2099 890 2128 Cor.
906 2099 930 2139 ᾗ.

218 2141 279 2172 ιδ’.
330 2143 428 2173 Nobis
455 2143 534 2172 adeo
556 2143 595 2173 de
624 2147 762 2182 tempore
788 2142 931 2172 dubitare

217 2185 338 2220 liceret,
360 2186 474 2225 absque
500 2185 640 2216 Diodoro
667 2185 771 2215 Siculo
799 2184 826 2214 si
849 2195 931 2215 esso-

220 2237 288 2258 mus
313 2228 405 2258 xvt.
430 2230 462 2258 7.
487 2229 576 2259 Conf.
592 2231 628 2259 A.
646 2227 768 2258 Sobotti
784 2228 848 2258 vit.
868 2229 930 2258 De-

220 2271 334 2300 mosth.
345 2271 384 2300 ud
400 2271 525 2311 Olymp.
544 2274 615 2306 105.
630 2273 661 2302 3.

264 2312 272 2333 ¹
296 2313 387 2343 Haud
411 2314 486 2349 scio,
513 2324 550 2344 un
575 2312 754 2344 constitutio
782 2313 863 2343 sactu
889 2313 931 2344 sit

219 2354 295 2395 νόμῳ
309 2354 353 2394 τί
365 2357 414 2385 τοῦ
428 2356 595 2397 Πιςιάνδρσυ,
610 2355 673 2386 ηδ’
684 2355 709 2384 ὃν
723 2356 752 2384 al
768 2356 930 2396 συμμσςίαι

220 2398 556 2440 mdenruv,oujus
572 2399 673 2429 obiter
688 2398 734 2428 bis
751 2399 854 2428 verbis
870 2409 931 2429 rne-

220 2440 307 2471 minit
332 2443 446 2472 Noster
468 2443 538 2472 adv.
563 2442 677 2480 Everg.
701 2446 731 2471 et
748 2441 882 2471 Mnesib.
901 2453 930 2482 p.

222 2484 316 2513 1145.
333 2484 382 2514 ed.
399 2485 440 2514 R.
490 2485 551 2516 Sed
577 2485 689 2514 desero
713 2485 930 2522 conjecturam,

220 2526 294 2556 dm
316 2527 430 2565 cogito,
454 2528 559 2566 plures
582 2527 668 2566 leges
691 2527 730 2556 do
753 2526 931 2557 trierarchi·

220 2569 357 2599 nfl’uiue.
403 2570 438 2599 ld
455 2581 529 2600 vero
552 2580 610 2600 non
628 2570 731 2604 video,
746 2579 840 2608 quare
856 2579 929 2600 non-

219 2611 464 2642 uulliPerinndri
480 2613 591 2652 legem,
602 2624 661 2642 non
679 2612 800 2642 aliunde
817 2618 929 2648 notum,

221 2653 261 2683 ud
291 2654 373 2685 illum
405 2656 646 2696 descriptionem
684 2655 929 2694 spumosi-rum,

220 2706 311 2736 quun
338 2697 508 2728 Nau-inico
532 2700 627 2729 Areli.
650 2699 759 2728 factum
787 2697 930 2734 vidimus,

220 2739 346 2776 referre,
372 2741 420 2770 vel
452 2741 553 2780 ipsum
586 2741 784 2771 Periundrurn
811 2741 929 2771 descri-

220 2781 336 2821 ptiouis
358 2782 443 2813 illius
467 2790 622 2814 nuctorem
645 2784 746 2814 fucere
765 2783 930 2814 voluerint.

221 2824 350 2854 Scilicet
379 2830 537 2865 putarunt,
567 2827 749 2866 symmoriu
778 2827 929 2866 pertinere

221 2866 260 2896 ud
285 2867 382 2897 solum
406 2867 624 2900 trierarchi-m.
678 2869 783 2906 Quod,
801 2870 860 2900 nisi
882 2880 930 2900 mo

221 2909 323 2940 onni-
337 2910 455 2946 fulluut,
465 2909 663 2943 falsissimum
679 2918 736 2943 est.

265 2951 280 2974 Β
298 2953 365 2983 Non
381 2953 489 2984 videor
510 2954 585 2984 mihi
609 2955 695 2985 abuti
719 2955 822 2985 verbis
842 2955 930 2985 Orat.

222 2999 335 3026 nost-m
351 2996 415 3035 §.in
457 2996 560 3034 οἶαῦν
579 2998 602 3028 01
617 2997 675 3038 pir
693 2996 810 3030 tum-
829 3007 930 3029 ωιτη·

270 3048 347 3070 vot..
366 3048 404 3069 ιι.

966 1969 1044 2009 μένοι
1059 1971 1108 2000 τοῦ
1125 1969 1306 2012 τριηξαςχῖας
1327 1970 1396 2010 ἄξια
1413 1969 1497 2011 ἔχειν,
1513 1968 1538 1999 ἐν
1552 1970 1618 2004 ταῖς
1631 1969 1684 2005 sic-

966 2013 1063 2052 φοραῖς
1083 2015 1261 2044 ειη-τελοῦσιν
1276 2013 1314 2047 εἷς
1328 2013 1374 2042 τὸν
1388 2015 1528 2053 πόλεμον·
1546 2013 1567 2042 oi
1583 2011 1608 2042 δ’
1620 2010 1683 2052 ἐφι-

967 2055 1104 2095 κνούμενοι
1119 2057 1168 2086 τοῦ
1185 2057 1368 2097 τςιηξειρχεῖν,
1383 2055 1420 2089 εἷς
1441 2055 1593 2095 ὰμφόπξα
1613 2056 1682 2094 ὑμῖν

968 2098 1120 2138 ὑπάρξουσι
1135 2100 1286 2141 mbo-ipos,
1301 2099 1350 2129 καί
1366 2099 1536 2140 τριηραρχεῖν
1558 2098 1606 2128 καὶ
1627 2098 1680 2133 εἷς·

967 2140 1003 2180 ‘pt‘
1019 2152 1064 2171 ιιν.

1004 2154 1018 2206 ΡΙ
1036 2184 1195 2215 Dubitatio
1210 2194 1279 2215 mea
1301 2189 1364 2214 tum
1387 2183 1463 2213 alias
1488 2193 1612 2213 caussas
1627 2183 1679 2214 ha-

967 2227 1030 2262 bet,
1047 2233 1108 2258 turn
1123 2228 1210 2263 hanc,
1226 2228 1307 2267 quod
1324 2227 1354 2257 in
1371 2228 1457 2258 Orut.
1473 2227 1543 2267 wip}
1558 2237 1681 2266 συμμο-

966 2273 1025 2310 ριῶν
1052 2271 1129 2301 nihil
1159 2271 1273 2310 legitur
1295 2271 1335 2300 de
1362 2270 1520 2300 trecentis.
1575 2270 1680 2306 Quan-

967 2323 1056 2353 quam
1083 2313 1196 2343 silentii
1224 2314 1314 2352 liujus
1339 2313 1403 2343 vim
1431 2312 1511 2342 liaud
1539 2322 1678 2351 magnam

966 2361 1052 2394 puto,
1070 2367 1162 2395 quum
1178 2356 1252 2386 nihil
1279 2356 1310 2386 in
1330 2366 1368 2385 eo
1392 2355 1477 2390 insit,
1502 2356 1581 2384 nude
1607 2354 1678 2384 illos

966 2408 1024 2428 non
1041 2399 1137 2429 fuisse
1153 2395 1353 2437 intelligatur.
1400 2399 1442 2427 At
1457 2397 1593 2427 meminit
1616 2402 1677 2427 tre-

965 2446 1121 2472 centorum
1138 2441 1246 2471 Oratio
1262 2443 1294 2471 in
1311 2441 1523 2480 Phaenippuin.
1569 2439 1679 2470 Memi-

965 2483 1010 2514 nit
1034 2495 1104 2514 ωηο
1118 2494 1125 2520 ;
1157 2493 1304 2523 nusquam
1330 2488 1431 2513 tamen
1457 2487 1572 2513 certum
1599 2481 1677 2512 indi-

964 2526 1046 2557 cium
1072 2527 1174 2561 habet,
1189 2532 1257 2557 ntro
1283 2527 1322 2556 de
1348 2536 1472 2556 munero
1497 2529 1616 2562 agutur,
1637 2524 1677 2555 de

965 2569 1154 2605 trient-chia,
1166 2579 1203 2599 un
1216 2570 1255 2599 do
1270 2569 1412 2608 εἷς-φοραῖς.
1452 2568 1593 2606 [ιοςὶιηυε
1609 2567 1677 2606 qui-

964 2612 1034 2643 dem
1050 2612 1093 2643 ibi
1110 2613 1139 2643 in
1155 2613 1284 2650 Argum.
1301 2613 1411 2641 Gra-co
1435 2611 1500 2640 haec
1514 2621 1519 2638 :
1536 2607 1589 2639 Ἠν
1610 2608 1675 2638 σύν-

963 2667 1073 2694 ταγμα
1096 2658 1175 2695 παρὰ
1189 2656 1249 2688 τοῖς
1271 2652 1426 2686 Ἀθηναίοις
1445 2651 1607 2692 τριακοσίων
1629 2653 1676 2681 ἀυ-

964 2698 1028 2738 &psa
1043 2701 1123 2728 κατὰ
1138 2698 1184 2727 τὸν
1200 2698 1321 2727 πλοῦτον
1342 2694 1549 2735 ἱξιιλιγμίνων,
1566 2691 1603 2728 οἷς
1616 2693 1676 2724 ὀνί-

963 2751 1053 2771 numo
1067 2743 1122 2771 -riv
1137 2742 1310 2779 λιιτσυργιῦν
1323 2740 1352 2768 al
1364 2737 1487 2778 μείζονες
1504 2738 1531 2767 h.
1543 2749 1569 2766 c.
1586 2738 1674 2767 litur-

962 2785 1019 2823 giae
1039 2784 1289 2813 extraordinaria
1326 2782 1388 2811 Sed
1401 2780 1470 2820 quin
1486 2789 1540 2809 nos
1553 2779 1674 2816 doceat,

965 2826 1004 2856 de
1027 2837 1088 2866 quo
1114 2832 1250 2865 tempore
1276 2824 1325 2854 hic
1353 2824 1489 2862 scriptor
1517 2823 1673 2862 loquatur,

964 2879 1056 2907 quum
1077 2869 1232 2899 Orationis
1256 2867 1354 2906 ipsius
1378 2872 1500 2906 tempus
1524 2866 1672 2896 incertum

965 2911 1005 2941 sit
1016 2912 1028 2940 ⁷.

1008 2959 1030 2974 ¹¹²
1049 2953 1183 2992 Etymol.
1194 2953 1239 2983 M.
1251 2956 1282 2983 et
1294 2951 1402 2982 eodem
1415 2952 1478 2981 sero
1490 2951 1582 2982 modo
1592 2950 1673 2981 1121·-

965 3006 1050 3035 poer‚
1064 3007 1095 3027 v.
1110 2996 1263 3031 εννηλιῖς.
1307 2995 1341 3027 ol
1364 2995 1589 3036 τριηραρχοῦντες
1609 2995 1673 3029 πὸς

971 3041 991 3069 3
1009 3049 1026 3069 c
