1928 3284
414 395 433 413 ι·
535 369 748 424 FRID.
794 366 984 421 AUG.
1030 365 1315 421 WOLFll

903 512 938 531 is*

409 607 1439 678 DEMOSTHENIS

513 772 902 817 ORATIONEM
949 769 1330 813 LEPTINEAM

644 910 1202 959 PROLEGOMENA.

319 1045 404 1083 Esr
426 1044 614 1095 Leptiuea
636 1044 752 1094 hujus
772 1042 1090 1095 [Demosthenis]
1111 1056 1158 1081 ex
1189 1055 1330 1093 genere
1351 1040 1554 1092 quietiore,
1575 1046 1658 1079 tota

192 1108 230 1145 in
246 1105 429 1146 docendo
450 1106 571 1157 magis
588 1119 704 1156 quam
727 1106 763 1143 in
781 1104 1048 1156 permovendo
1069 1104 1246 1142 auditore
1262 1110 1470 1154 occupata,
1487 1114 1557 1141 uec
1572 1115 1656 1141 eam

190 1169 268 1206 vim
285 1175 324 1207 et
340 1167 599 1220 granditatem
618 1168 764 1206 habens
782 1167 987 1204 verborum
1009 1178 1056 1204 ac
1074 1165 1367 1211 sententiarum,
1381 1178 1495 1216 quam
1512 1165 1551 1202 in
1565 1164 1656 1203 Phi-

193 1229 346 1280 lippicis
378 1229 542 1280 aliisque
576 1229 774 1267 nonnullis
808 1228 1069 1274 admiramur;
1098 1228 1201 1266 unde
1229 1227 1309 1266 sere
1330 1227 1657 1266 Demostlienicus

192 1293 398 1330 character
427 1292 612 1330 constitui
634 1292 761 1329 solem
819 1291 893 1329 Hic
915 1291 1031 1336 lenia,
1051 1290 1267 1337 summissa,
1288 1290 1492 1329 enucleata
1511 1291 1654 1337 onmia,

191 1354 376 1405 aequabili
397 1353 567 1404 quodam
590 1360 736 1392 tenore.
792 1353 870 1391 Sed
892 1352 993 1391 enirn
1015 1353 1091 1391 hoc
1109 1352 1169 1390 vel
1185 1365 1378 1390 summum
1394 1357 1454 1401 est
1473 1351 1654 1390 oratoriae

193 1415 402 1461 facultatis,
434 1429 561 1461 nosse,
584 1415 784 1467 quomodo
813 1427 884 1465 pro
909 1414 1094 1453 varietate
1116 1427 1243 1452 rerum
1262 1414 1310 1452 ad
1333 1412 1543 1452 dicendum
1565 1426 1656 1464 pro..

192 1477 405 1528 positarum
432 1477 544 1515 stilus
574 1476 779 1515 variandus
809 1477 872 1522 sit,
901 1489 962 1522 ne,
993 1476 1061 1514 ubi
1081 1476 1350 1514 vehementem
1382 1481 1421 1513 et
1450 1474 1654 1513 incitatum

190 1551 253 1577 res
283 1544 435 1590 poscat,
470 1539 689 1586 summisso,
728 1552 824 1577 neve
864 1544 1001 1576 contra
1038 1539 1141 1576 elato
1181 1537 1312 1576 utaris.
1369 1536 1498 1581 Quam
1532 1543 1656 1575 artem

192 1612 307 1639 nemo
327 1613 497 1651 unquam
519 1601 656 1639 melius
682 1601 819 1640 calluit
837 1600 1005 1640 Oratore
1031 1607 1180 1646 nostro,
1211 1613 1326 1651 quem
1348 1600 1434 1651 quis
1455 1606 1560 1638 recte
1580 1599 1656 1638 hac

192 1675 270 1701 una
293 1662 344 1701 de
372 1676 508 1702 caussa
537 1664 676 1702 ceteris
705 1664 898 1710 omuibus,
924 1676 1024 1714 quos
1043 1670 1083 1702 et
1102 1676 1251 1714 suppar
1276 1669 1315 1701 et
1344 1663 1539 1713 posterior
1558 1669 1652 1702 aetas

192 1724 373 1776 protulit,
396 1725 714 1775 anteponendum
743 1730 868 1776 putet.
924 1724 984 1763 lta
1011 1725 1074 1763 ille
1096 1725 1134 1763 in
1164 1724 1358 1763 nonnullis
1386 1724 1656 1770 Orationibus,

192 1800 290 1838 quas
311 1787 349 1825 in
369 1788 559 1825 caussulis
579 1788 818 1838 privatorum
850 1787 1017 1838 scripsit,
1046 1800 1202 1838 pressus
1232 1793 1291 1825 est
1317 1793 1356 1825 et
1386 1786 1525 1833 tenuis,
1546 1786 1600 1825 ita
1619 1787 1657 1824 in

187 1848 424 1900 Philippicis
456 1849 655 1900 copiosus,
685 1850 812 1901 gravis
842 1856 882 1888 et
912 1849 1208 1900 grandiloquus,
1237 1849 1299 1887 vix
1334 1855 1376 1888 ut
1409 1849 1447 1887 in
1479 1849 1655 1899 utrisque

189 1910 353 1949 eandem
374 1923 528 1949 manum
549 1910 771 1962 agnoscas.b
827 1910 904 1950 Sed
924 1911 982 1949 his
1003 1910 1158 1949 duobus
1180 1911 1387 1962 generibus
1409 1910 1656 1960 interjectum

190 1972 346 2011 tertium
367 1980 425 2011 est
446 1973 677 2011 Orationum
699 1985 844 2018 earum,
867 1973 1010 2023 quibus
1042 1973 1093 2011 ab
1124 1986 1171 2011 eo
1203 1973 1309 2024 leges
1333 1978 1399 2010 aut
1419 1972 1656 2023 populiscita

190 2035 480 2086 impugnantur,
503 2047 584 2085 prze
607 2035 749 2073 ceteris
771 2034 867 2072 illud
883 2034 966 2083 jam
988 2035 1038 2072 ab
1059 2034 1230 2084 antiquis
1252 2034 1443 2083 magistris
1462 2046 1658 2072 commen-

189 2095 353 2135 datum.‘
396 2096 563 2135 Excellit
583 2096 620 2134 in
644 2109 690 2134 eo
713 2095 901 2147 imprimis
923 2095 1064 2134 nobilis
1087 2095 1150 2133 illa
1170 2095 1219 2134 de
1241 2095 1412 2142 Corona,
1433 2107 1655 2146 quanquam

189 2157 387 2209 grandiori
407 2157 537 2208 generi
559 2157 734 2209 propior.
774 2157 999 2196 Secundum
1022 2170 1152 2208 quam,
1170 2157 1274 2195 haud
1289 2157 1384 2204 scio,
1400 2170 1448 2195 an
1468 2157 1656 2208 Leptinea

190 2224 320 2258 nostra
338 2219 513 2270 proxima
534 2219 717 2271 ponenda
733 2219 795 2258 sit.
844 2220 962 2258 Certe
983 2232 1071 2270 quae
1091 2224 1181 2256 sunt
1200 2232 1246 2256 ex
1263 2219 1398 2258 eadem
1417 2219 1542 2258 classe
1559 2220 1657 2258 Ora-

189 2281 328 2327 tiones,
356 2288 492 2320 contra
517 2282 816 2328 Androtionem,
844 2282 1141 2328 Aristocratem,
1167 2281 1443 2328 Timocratem,
1464 2281 1655 2332 Aristogi-

188 2348 334 2388 tonem,
356 2342 491 2382 harum
513 2349 682 2394 quatuor
697 2343 802 2381 nulla
821 2350 893 2390 est,
917 2356 1006 2394 quae
1029 2349 1173 2380 nostrae
1195 2342 1379 2382 anteferri
1399 2343 1558 2394 debeat,
1579 2355 1656 2381 una

188 2403 447 2452 Androtiana,
469 2418 560 2455 qua:
577 2417 664 2443 cum
682 2418 728 2443 ea
747 2404 797 2443 de
816 2405 903 2444 loco
924 2405 1162 2444 contendere
1183 2404 1320 2455 possit.

240 2465 332 2504 Non
354 2480 428 2518 ego
454 2466 597 2512 omnia,
619 2479 706 2517 quoe
728 2466 766 2505 in
795 2480 840 2505 ea
869 2467 1041 2518 placent,
1065 2466 1142 2505 huc
1161 2479 1380 2518 congeram,
1403 2466 1654 2517 proemonebo

187 2533 331 2574 tamen,
351 2528 496 2579 quibus
516 2529 680 2567 maxime
701 2529 817 2567 rebus
834 2529 1061 2580 praestantia
1081 2528 1182 2566 illius
1199 2534 1400 2567 cernatur:
1420 2529 1457 2566 in
1478 2541 1557 2578 quo
1577 2541 1654 2567 non

188 2595 268 2628 tam
295 2590 392 2628 meis
413 2598 512 2637 utar,
534 2603 650 2642 quam
672 2590 1035 2640 veterumjudiciis.
1082 2593 1140 2628 Ac
1162 2591 1326 2641 primum
1348 2589 1506 2639 quidem
1529 2589 1654 2640 ipsum

187 2664 310 2702 genus
331 2652 490 2692 dicendi
513 2660 658 2692 tantam
681 2653 800 2692 habet
823 2653 1093 2699 subtilitatem,
1124 2653 1183 2690 vix
1207 2659 1247 2690 ut
1268 2651 1450 2701 majorem
1480 2665 1654 2705 usquam,

232 2762 323 2791 ·Re·
362 2769 432 2793 nota
455 2774 494 2793 ax
520 2765 670 2804 LonginO,
697 2765 904 2805 imprimisque
941 2766 1047 2796 Halic.
1061 2767 1099 2795 «ol
1124 2765 1235 2794 vidie
1233 2765 1318 2794 ·ndi'
1312 2775 1340 2794 ιιι
1361 2763 1515 2794 Dcumstli.
1530 2774 1561 2802 p.
1579 2765 1653 2794 974.

190 2804 400 2852 Hermogene,
418 2813 447 2836 et
471 2809 606 2838 Auctore
622 2809 719 2838 libelli
736 2810 774 2839 dc
795 2809 850 2839 310
832 2819 904 2839 o-cu
940 2820 1026 2849 seqq.
1042 2810 1080 2839 T.
1101 2809 1154 2837 v.1
1175 2808 1280 2837 Reisk.
1299 2808 1373 2836 edit

188 2846 282 2876 tione.
326 2848 539 2880 char-omem
571 2852 905 2892 vocuuntGraeeipi-
983 2853 1098 2881 ΊΊιι-ιι
1128 2851 1295 2890 l'rogymn.
1332 2861 1362 2888 p.
1391 2851 1421 2879 5.
1453 2850 1515 2879 Bas
1518 2850 1551 2879 il.
1582 2849 1656 2880 edit.

188 2888 273 2926 ⁷¹3⁰<
288 2892 338 2920 vel
354 2891 508 2923 'orriri-nn.
940 2895 973 2924 οἱ
987 2896 1141 2923 κάλλιστοι
1134 2896 1211 2923 κτῶ
1201 2894 1257 2922 δη
1244 2891 1366 2932 ημοσίω
1388 2893 1474 2930 λόγων
1486 2892 1564 2927 nlo-iv,
1579 2890 1647 2921 lv
1621 2904 1642 2921 οι
1635 2904 1658 2924 ις

232 2932 246 2952 ⁶
262 2933 348 2963 ldem
364 2936 479 2973 panim
502 2943 681 2968 monne-runt
698 2938 834 2968 nonnulli
852 2948 888 2967 ve
939 2940 1008 2977 mel
1025 2950 1049 2967 ιο
1044 2938 1108 2976 ὐμο
1123 2949 1152 2966 τι
1173 2937 1186 2967 ἢ
1202 2936 1393 2976 ψηφίσματο-
1414 2935 1656 2975 :illaqueantia-ac.

189 2979 302 3009 ternu-i.
319 2986 409 3008 nemo
425 2979 610 3018 diligentiu-
626 2991 717 3020 quam
736 2981 905 3020 Dionysius
940 2980 1016 3018 λέγω
1034 2981 1061 3011 aa
1075 2981 1120 3010 τόν
1135 2991 1164 3010 τι
1180 2980 1241 3021 πιςί
1255 2980 1396 3019 Στεφάνου
1412 2990 1438 3010 κ.
1452 2991 1481 3009 τ.
1496 2985 1525 3009 λ.

237 3028 312 3048 ῑυι..
333 3030 369 3049 ιι.
944 3028 961 3052 ⁸2
980 3035 994 3052 ι
