1928 3284
254 207 280 241 4·
849 204 1098 243 TAYLORI

255 306 292 338 in
308 305 457 348 patriam
474 305 631 349 linguam
649 306 811 340 verteret.
862 307 972 339 Istius
993 305 1110 349 operis
1135 303 1223 337 nihil
1247 302 1352 337 hodie
1377 303 1537 337 remanet
1560 305 1694 348 praeter

255 358 481 401 desiderium,
499 361 527 393 si
545 360 703 404 excipias
718 359 990 402 Anteloquium‚
1008 358 1103 401 quod
1128 357 1272 390 inscribi
1291 356 1382 390 solet
1399 366 1450 391 DE
1468 365 1612 392 οΡΤιΜο
1629 366 1697 391 GE-

252 417 357 446 'NERE
375 423 598 447 ORATORUM.
645 412 816 454 (Tullius)
838 414 1068 454 Protagoram
1086 411 1258 452 Platonis,
1275 412 1312 444 ct
1338 411 1600 445 OEconomicon
1616 411 1698 444 Xe-

256 466 457 510 nophontis,
480 470 516 500 et
532 466 713 500 AEschinis
738 477 779 498 ae
797 465 1051 499 Demosthenis
1079 464 1171 497 duas
1196 467 1322 497 contra
1344 475 1380 498 se
1408 465 1598 499 Orationes
1620 465 1701 509 pul-

257 519 447 554 cherrimas
475 520 665 554 transtulit.
713 522 733 538 ‘⁶
755 520 902 560 Quanta
918 520 954 552 in
979 518 1048 551 inis
1063 518 1342 562 praetermiserit,
1359 521 1496 563 quauta
1510 518 1700 560 addiderit,

257 576 390 617 quanta
408 574 614 616 mutaverit,
628 577 669 607 ut
685 573 920 617 proprietates
938 572 1083 606 alterius
1099 572 1234 615 linguae
1253 573 1328 606 suis
1343 573 1620 617 proprietatibus
1636 583 1701 606 ex-

256 627 412 671 plicaret,
429 640 499 662 non
516 634 570 662 cst
586 628 694 671 liujus
710 628 879 672 temporis
897 627 1026 661 dicere.
1074 625 1215 660 Sufficit
1231 626 1321 660 mihi
1336 627 1448 671 ipsius
1462 626 1700 660 'translatoris

256 683 458 725 auctoritas,
472 683 531 727 qui
547 684 598 716 ita
613 683 650 716 in
667 683 818 725 Prologo
835 681 1032 715 earundem
1046 680 1261 715 orationum
1278 682 1448 726 loquutus
1464 683 1538 715 est:
1564 681 1699 715 Putavi

256 736 340 769 mihi
358 737 632 782 suscipiendum,
650 735 745 769 etc.'’
792 736 942 769 Hieron.
958 735 1004 769 ad
1022 736 1162 769 Pauliu.
1176 735 1294 779 Epist.
1310 738 1368 769 50.
1395 736 1559 770 Rursus:
1585 737 1607 753 ‘⁴
1619 734 1701 769 Nisi

255 788 346 822 sorte
359 790 539 834 putandus
555 792 609 823 est
624 789 763 823 Tullius
780 789 1046 823 OEeonomicon
1064 789 1332 833 Xenophontis,
1348 793 1383 823 et
1399 790 1561 823 Platonis
1576 790 1703 824 Prota-

255 853 391 887 goram,
418 846 455 878 et
479 844 735 878 Demosthenis
760 854 824 887 pro
852 843 1085 888 Ctesiphonte
1111 843 1311 877 orationem
1348 844 1486 877 afflatus
1510 843 1701 878 Rhetorice

256 898 379 940 spiritu
395 896 650 932 transtulisse.’'
675 898 778 931 Idem
796 897 951 941 Apolog.
971 898 1111 931 advers.
1132 898 1253 931 Rufin.
1270 898 1292 932 l.
1309 901 1344 931 2.
1394 898 1469 939 Qui
1485 898 1613 931 similia
1628 897 1702 931 fere

256 951 364 986 habet
378 953 415 986 in
432 953 569 995 Proleg.
587 953 631 986 ad
648 952 886 986 Pentateuch.
903 954 940 985 et
958 952 995 985 in
1014 952 1179 996 Epistola
1196 953 1242 986 ad
1259 953 1432 986 Sunniam
1451 955 1488 986 et
1509 952 1701 986 Fretelam.

256 1006 403 1050 Scripsit
427 1008 511 1040 item
529 1007 697 1041 Sidonius
713 1006 928 1050 Apollinaris
945 1007 997 1042 Π.
1026 1007 1142 1051 Epist.
1158 1011 1192 1042 9.
1240 1009 1262 1026 “
1278 1008 1507 1052 Quamquam
1533 1008 1583 1041 sic
1610 1008 1704 1040 esset

257 1061 301 1093 ad
318 1062 467 1095 verbum
492 1063 776 1106 sententiamque
801 1063 1010 1105 translatus,
1034 1067 1077 1097 ut
1104 1075 1172 1097 nee
1199 1064 1379 1108 Apuleius
1405 1064 1622 1098 Phaedonem
1652 1063 1703 1097 sic

255 1117 424 1159 Platonis,
440 1129 555 1162 neque
570 1118 713 1152 Tullius
726 1117 1002 1162 Ctesiphontem
1018 1119 1068 1153 sic
1086 1120 1341 1154 Demosthenis
1357 1121 1394 1153 in
1407 1130 1512 1153 usum
1526 1120 1704 1163 regulam-

254 1181 325 1214 que
337 1171 487 1205 Romani
502 1172 681 1205 Sermonis
698 1172 986 1216 exscripserint.'’
1032 1173 1173 1208 Verum
1189 1177 1231 1208 ut
1241 1174 1385 1218 jactura
1401 1174 1504 1207 istius
1517 1173 1703 1207 Versionis

254 1226 519 1268 quodammodo
543 1226 779 1266 resarciretur,
806 1227 955 1270 quidam
972 1227 1066 1261 male
1089 1228 1208 1262 feriati
1231 1228 1398 1272 antiquas
1415 1227 1600 1262 Ciceronis
1617 1227 1706 1262 Edi-

255 1280 369 1314 tiones
394 1281 498 1314 beare
514 1282 705 1314 voluerunt
722 1281 1024 1326 Interpretatione
1048 1282 1157 1327 hujus
1174 1283 1446 1325 Controversiae,
1462 1293 1569 1327 quam
1587 1282 1707 1316 elabo-

255 1334 346 1367 ravit
362 1335 573 1368 Leonardus
585 1335 742 1377 Brunus,
758 1335 944 1377 Aretinus‚
958 1346 1080 1370 verum
1096 1347 1214 1382 neque
1228 1348 1272 1371 eo
1290 1337 1400 1380 Loco,
1415 1347 1523 1381 quem
1538 1339 1704 1380 occupat,

254 1397 372 1432 neque
389 1389 502 1422 Fama
526 1389 673 1422 istorum
699 1389 919 1432 Scriptorum
944 1389 1103 1433 dignam,
1129 1401 1222 1436 quos
1248 1393 1457 1425 convertere
1481 1390 1705 1424 instituebat.

255 1442 314 1476 Ea
329 1442 454 1487 utique
470 1441 663 1476 eontentio
680 1442 835 1477 duorum
853 1454 1073 1478 summorum
1098 1444 1297 1487 hominum,
1315 1445 1360 1478 ad
1374 1455 1482 1489 quam
1499 1444 1706 1478 Concursus

256 1507 303 1530 cx
320 1499 396 1530 tota
411 1497 551 1531 Graecia
567 1496 682 1530 faetus
707 1507 784 1529 esse
802 1497 947 1540 dieitur,
964 1498 1065 1542 (nam
1082 1500 1119 1532 et
1135 1499 1326 1533 AEschincs
1352 1499 1430 1543 ipse
1446 1501 1706 1533 commemorat

256 1561 292 1594 p.
322 1553 402 1586 386.
431 1552 552 1596 plures
584 1550 742 1584 tribunal
768 1549 1061 1595 circumstetisse,
1093 1564 1202 1597 quarn
1232 1563 1396 1598 unquam
1433 1554 1637 1588 meminerit
1661 1553 1708 1587 ad

256 1605 367 1638 ullam
394 1615 539 1639 eausam
564 1605 745 1649 publicam
770 1604 1007 1649 convenisse,)
1024 1607 1096 1639 cito
1112 1607 1214 1641 venit
1234 1607 1273 1641 in
1289 1607 1421 1642 famam
1437 1610 1545 1653 atque
1561 1607 1709 1641 celebri-

255 1661 384 1693 tatem:
402 1663 449 1702 et,
466 1659 552 1693 dum
568 1659 667 1692 stetit
682 1658 825 1693 fortuna
840 1658 970 1693 harum
987 1659 1206 1703 Literarum,
1218 1661 1305 1695 nihil
1323 1672 1485 1706 unquam
1502 1665 1564 1696 aut
1580 1663 1707 1697 arden-

255 1714 328 1747 tius
343 1715 539 1758 legebatur,
554 1715 617 1748 aut
632 1714 873 1748 maximorum
884 1714 1071 1749 hominum
1088 1715 1209 1750 studia
1224 1716 1340 1759 magis
1357 1715 1548 1750 alliciebat.
1597 1716 1706 1750 Illam

255 1768 508 1803 Demosthenis
525 1769 717 1813 praecipue,
733 1767 804 1814 (uti
821 1769 1015 1814 dicebam,)
1034 1770 1087 1804 ita
1112 1781 1253 1815 semper
1270 1770 1435 1804 admirati
1451 1773 1537 1805 sunt
1552 1771 1706 1814 veteres,

255 1826 558 1868 quemadmodum
589 1826 751 1860 solebant
782 1825 921 1859 Phidiae
957 1825 981 1859 J
983 1837 1088 1860 ovem
1120 1829 1183 1860 aut
1214 1825 1471 1870 Doryphorum
1502 1825 1705 1869 suspicere;

255 1880 538 1922 praestantissimi
560 1881 635 1914 scil.
660 1879 819 1914 Artificis
844 1881 1142 1924 praestantissima
1168 1881 1328 1923 artificia,
1349 1883 1386 1913 et
1403 1880 1534 1925 quibus
1558 1879 1648 1913 nihil
1668 1880 1708 1914 in

255 1933 315 1967 illo
331 1945 462 1978 genere
482 1934 673 1979 perfectius
689 1945 768 1968 esse
784 1936 915 1979 potuit.
964 1937 1003 1969 Οὶ
1018 1938 1102 1980 γοῦν
1120 1936 1292 1969 κάλλιστοι
1309 1939 1376 1968 τῶν
1404 1936 1570 1979 δημοσίων
1594 1935 1708 1978 λόγων

256 1988 349 2029 εἰσὶν,
363 1991 399 2023 ἐν
414 1988 464 2029 οἷς
479 1993 551 2033 περὶ
566 1992 668 2034 νόμου
685 2004 717 2024 τι
741 1993 762 2031 ἢ
783 1991 995 2035 ψηφίσματος
1013 1991 1282 2035 ἀμφισβητεῖται,
1304 1990 1390 2034 λέγω
1417 1990 1449 2022 δὲ
1471 1991 1533 2022 τόν
1546 2002 1581 2022 πε
1599 1994 1707 2022 ΠΕΡΙ

258 2045 632 2078 ΣΤΕΦΑΝΟΥ-Τὴοο
649 2046 842 2088 Progymll.
859 2056 897 2089 p.
914 2048 947 2080 5.
974 2044 1076 2090 Οἶμαι
1101 2047 1166 2089 γάρ
1189 2058 1223 2078 σε
1246 2049 1314 2078 τῶν
1330 2043 1564 2088 Δημοσθένους
1589 2044 1615 2077 εἰ
1629 2044 1711 2088 μήτι

258 2098 355 2139 ἄλλο,
370 2097 460 2130 ἀλλὰ
476 2103 616 2131 TONPE
632 2104 744 2132 ΥΠΕΡ
763 2105 849 2133 ΤΗΣ
876 2105 1178 2134 ΑΝΑΡΡΗΣΕΩΣ
1197 2103 1355 2140 ΛΟΓΟΝ,
1380 2101 1441 2132 τὸν
1467 2098 1710 2142 πολυύμνητον

258 2152 299 2192 δὴ
321 2155 439 2185 τοῦτον
461 2153 697 2196 ἀνεγνωκέναι.
722 2153 870 2187 Aristid.
899 2157 975 2198 περὶ
1001 2158 1059 2188 τοῦ
1085 2155 1298 2199 παραφθέγμ.
1329 2152 1478 2197 Scripsit
1502 2152 1548 2185 ad
1572 2162 1709 2186 morem

257 2206 391 2248 Adagii
407 2207 543 2240 Plinius
558 2206 626 2241 VI.
644 2208 758 2251 Epist.
774 2211 833 2243 33.
880 2210 902 2227 “
917 2209 1042 2242 Solent
1063 2209 1210 2253 quidam
1236 2219 1282 2242 ex
1302 2206 1623 2242 contubernalibus
1647 2217 1712 2240 no-

258 2260 338 2294 stris
363 2261 581 2303 existimare,
606 2262 697 2295 hanc
727 2263 923 2297 orationem
951 2264 1184 2308 praeeipuam,
1202 2265 1242 2296 ut
1265 2263 1360 2296 iuter
1383 2272 1494 2303 meas,
1510 2266 1566 2296 ΩΣ
1593 2266 1708 2296 ΥΠΕΡ

260 2320 572 2350 ΚΤΗΣΙΦΩΝΤΟΣ
590 2317 704 2352 esse.''
751 2318 831 2352 Hos
848 2329 974 2352 omnes
991 2317 1152 2361 anteivit,
1168 2319 1208 2351 ut
1223 2319 1332 2351 aetate
1349 2317 1398 2350 ita
1409 2316 1561 2360 judicio,
1573 2315 1713 2359 Diony-

258 2369 334 2403 sius
347 2370 685 2414 HalicarnassensiS,
702 2372 763 2416 qui
789 2372 840 2406 ita
862 2373 987 2407 scribit
1001 2374 1038 2407 in
1054 2372 1144 2407 libro
1162 2374 1235 2417 περὶ
1252 2372 1453 2410 Συνθὲσεως.
1496 2370 1630 2415 Ἐτὲρου
1646 2371 1712 2403 πά-

258 2426 315 2458 λιν
332 2425 470 2469 ἅψομαι,
488 2428 544 2459 τοῦ
569 2427 660 2459 πάνυ
676 2427 892 2471 ἑρμηνεῢσθαι
917 2429 1092 2472 δαιμονίως
1115 2428 1303 2467 δοκοῦντος,
1328 2429 1386 2460 τοῦ
1407 2427 1490 2470 ὑπὲρ
1515 2428 1712 2468 Κτησιφῶν-

259 2493 329 2521 τος,
344 2482 385 2513 ὃν
402 2480 463 2523 ἐγὼ
478 2485 729 2514 ΚΡΑΤΙΣΤΟΝ
748 2486 1069 2517 ΑΠΟΦΑΙΝΟΜΑΙ
1091 2487 1276 2517 ΠΑΝΤΩΝ
1296 2485 1454 2516 ΛΟΓΩΝ.
1480 2479 1620 2514 Rursus
1637 2481 1713 2524 περὶ

260 2533 688 2578 ἣειυότ.ξ.14.-πλεῖστα
709 2537 740 2569 δὲ
763 2539 816 2569 καὶ
841 2539 1004 2572 κάλλιστοι
1029 2539 1062 2571 ἐκ
1083 2541 1145 2578 τῆς
1158 2539 1241 2582 ὑπὲρ
1258 2540 1495 2580 Κτησιφῶντος
1509 2534 1711 2578 ἅπθλθγῖῑῑς·

261 2584 368 2627 Οὗτος
387 2590 450 2633 γὰρ
468 2589 508 2629 δὴ
525 2603 579 2632 μοι
595 2590 679 2623 δοκεῖ
695 2592 857 2636 καλλίστῃ
870 2594 924 2625 καὶ
939 2593 1143 2637 μετριωτάτῃ
1157 2595 1345 2635 κατασκευῇ
1359 2591 1477 2630 λέξεως
1492 2590 1677 2634 κεχρῆσθαι
1694 2589 1712 2621 ὁ

260 2642 371 2684 λόγθς·
398 2641 558 2677 Deinde:
588 2644 626 2676 Εἰ
646 2645 677 2676 δέ
702 2658 752 2684 τις
767 2647 927 2689 ἐρεῖ-ὅτι
950 2649 1072 2680 τοῦτον
1093 2648 1173 2687 ἴσως
1197 2647 1321 2691 ἔγραψε
1346 2648 1407 2680 τὸν
1422 2646 1527 2689 λόγον
1542 2641 1608 2687 (sc.
1635 2644 1713 2687 περὶ

261 2698 320 2728 τοῦ
346 2696 528 2739 Στεφάνου)
553 2701 627 2737 ταῖς
650 2698 899 2742 Ἀριστοτέλους
923 2701 1149 2744 ἐντετυχηκὼς
1171 2701 1319 2745 τέχναις,
1341 2704 1427 2734 TON
1455 2701 1710 2733 ΚΡΑΤΙΣΤΟΝ

263 2754 477 2783 ΑΠΑΝΤΩΝ
505 2756 663 2792 ΛΟΓΩΝ,
685 2754 798 2785 πολλὰ
823 2757 906 2798 πρὸς
933 2757 1037 2789 αὐτὸν
1063 2757 1169 2789 εἰπεῖν
1195 2757 1386 2799 ἔχων-καὶ
1401 2758 1524 2790 τοῦτον
1541 2752 1713 2790 ἐπιδείξειν

262 2804 489 2847 ὑπισχνοῦμαι
506 2809 565 2839 τὸν
582 2808 697 2850 ἀγῶνα
714 2810 779 2851 πρὸ
804 2813 871 2841 τῶν
890 2809 1140 2852 Ἀριστοτέλους
1156 2815 1287 2854 τεχνῶν
1303 2807 1606 2852 ἐπιτετελεσμένον.
1653 2804 1712 2839 Id.

262 2857 308 2891 ad
326 2858 543 2893 Ammaeum.
592 2861 730 2894 Verum
749 2861 802 2894 his
819 2863 1033 2905 supersedeo
1048 2876 1056 2904 ;
1073 2865 1245 2908 quoniam
1262 2875 1370 2899 nemo
1386 2866 1455 2906 est,
1471 2861 1620 2907 quinon
1636 2860 1715 2894 lau-

264 2911 373 2954 davit,
386 2915 422 2945 et
437 2914 544 2946 nullae
559 2917 642 2948 sunt
659 2916 794 2957 laudes,
807 2927 891 2960 quae
909 2927 980 2950 non
997 2921 1081 2952 sunt
1094 2919 1281 2953 maximae:
1306 2918 1396 2952 illud
1412 2917 1522 2952 etiam
1537 2915 1575 2948 in
1592 2915 1713 2948 animo

262 2964 408 3010 habens,
435 2968 544 3011 quod,
569 2969 597 3001 si
626 2980 735 3013 quem
758 2971 856 3006 nullo
878 2972 985 3007 modo
1006 2972 1127 3017 capiat
1146 2975 1247 3010 tanta
1263 2971 1499 3019 Eloquentia,
1516 2980 1635 3015 neque
1663 2969 1712 3003 le-

473 3029 503 3055 ρ
