1928 3284
257 220 369 279 376

256 342 388 394 gendi‚
416 341 526 387 nihil,
546 346 701 392 quantae
734 340 807 378 illis
836 353 939 379 curae
973 341 1109 379 classis
1145 339 1272 379 fuerit.
1329 339 1467 390 Itaque
1493 337 1712 376 advocandi

260 409 349 444 sunt
371 403 547 453 supparis
563 402 688 440 aetatis
705 409 835 448 testes,
855 402 1132 452 Aristophanes
1152 409 1191 440 et
1208 401 1496 452 Thucydides.⁰
1519 398 1714 444 'Quorum

260 465 338 503 fide
359 466 434 502 hoc
456 478 599 515 ponere
617 470 766 502 certum
787 464 891 508 licet,
914 463 1005 500 belli
1026 464 1348 513 Peloponnesiaci
1368 469 1544 512 tempore
1565 462 1719 499 trierar-

260 526 356 564 chos
377 539 493 564 naves
512 526 711 575 accepisse
732 524 781 561 de
803 524 964 573 publico
985 524 1212 572 aedificatas,
1233 525 1409 574 nihilque
1428 523 1537 560 aliud
1552 523 1603 560 ab
1623 521 1715 571 ipsis

260 593 437 626 exactum
459 601 557 632 esse,
579 586 650 623 nisi
678 591 721 623 ut
740 598 855 623 naves
872 584 1030 635 remigio
1046 592 1085 623 et
1103 586 1348 623 armamentis
1367 586 1612 629 instruerent,
1634 589 1716 620 tue-

259 656 484 699 renturque.
543 650 604 686 Ne
625 648 768 685 victum
791 647 947 698 quidem
977 655 1044 686 aut
1064 648 1299 698 stipendium
1327 648 1530 686 classiariis
1548 647 1639 685 dare
1659 646 1716 683 vi-

261 711 377 749 detur
407 710 643 748 trierarchus
673 709 877 746 debuisse:
913 709 944 746 si
966 710 1052 759 quis
1081 710 1165 747 haec
1196 711 1255 747 vel
1275 710 1390 747 etiam
1425 710 1500 747 alia
1530 710 1640 759 plura
1668 721 1715 746 ex

261 773 413 823 privato
442 771 626 817 addebat,
656 771 866 809 liberalitas
899 784 944 808 ea
969 777 1066 820 erat,
1095 784 1173 808 non
1204 784 1341 808 munus
1366 771 1451 820 lege
1480 771 1715 821 impositum.

262 834 405 871 Verum
429 832 490 869 hic
513 846 670 883 quoque
701 832 892 870 interdum
915 832 1060 870 factum
1082 839 1153 877 est,
1179 839 1220 870 ut
1240 833 1342 870 cives
1363 839 1595 881 cogerentur
1613 833 1712 882 plus,

261 908 376 945 quam
396 894 670 944 praescriptum
697 901 735 932 et
756 894 985 944 imperatum
1005 901 1120 939 esset,
1138 893 1371 944 impendere.
1433 893 1590 930 Scilicet
1611 893 1716 930 Stra-

261 956 354 1006 tegi,
383 956 451 1006 qui
471 956 649 993 malevoli
667 963 797 994 essent
830 956 868 992 in
888 957 1069 1006 aliquem,
1091 969 1224 993 navem
1248 956 1281 993 ei
1298 953 1512 992 attribuere
1540 955 1716 992 solebant

260 1018 439 1055 vitiosam
461 1025 504 1055 etr
527 1018 756 1063 mutilatam,
779 1031 867 1067 quae
890 1018 1170 1068 quamprimum
1193 1016 1311 1062 refici,
1334 1030 1378 1054 ac
1400 1023 1546 1054 tantum
1569 1029 1646 1053 non
1666 1016 1715 1053 de

259 1079 408 1129 integro
438 1079 618 1116 fabricari
649 1079 824 1116 deberet.
884 1080 1056 1116 Omnino
1086 1086 1212 1129 putes,
1235 1079 1318 1128 jam
1350 1085 1428 1115 tum
1451 1077 1715 1115 trierarchiam

261 1140 389 1190 magui
411 1147 558 1177 sumtus
580 1139 730 1178 fuisse.d

316 1201 592 1239 Demosthenis
626 1209 752 1238 autem
789 1207 903 1239 aetate
943 1215 1003 1238 res
1042 1201 1169 1251 plures
1207 1201 1532 1238 commutationes
1564 1201 1712 1245 habuit,

259 1266 375 1304 variis
393 1267 542 1315 legibus
563 1266 638 1303 alio
654 1272 772 1315 atque
792 1266 866 1303 alio
888 1266 1005 1302 modo
1023 1270 1276 1315 c‹nnpa1·ata.‘³
1311 1265 1501 1314 Imprimis
1523 1278 1627 1314 saepe
1648 1253 1737 1301 nus

259 1341 386 1365 merus
405 1328 601 1364 hominum
625 1327 688 1364 uni
710 1327 795 1365 navi
816 1327 1091 1364 attributorum
1114 1326 1285 1370 variavit,
1308 1338 1378 1375 pro
1399 1339 1444 1362 eo
1467 1332 1509 1362 ut
1531 1325 1715 1375 temporis

259 1389 466 1427 difficultas
485 1388 647 1432 ferebat,
671 1401 789 1437 quum
813 1388 1016 1437 pauciores
1038 1387 1073 1424 in
1094 1387 1175 1423 dies
1197 1385 1347 1431 fierent,
1366 1386 1432 1436 qui
1453 1386 1593 1436 opibus
1614 1385 1716 1423 vale-

258 1456 358 1496 rent,
381 1457 420 1488 et
446 1456 574 1487 tantos
596 1456 744 1487 sumtus
764 1450 928 1486 tolerare
948 1455 1120 1498 possent.
1179 1448 1346 1485 Primum
1369 1448 1447 1485 bini
1472 1454 1619 1485 tantum
1643 1459 1717 1484 una

259 1513 347 1550 navi
369 1512 596 1549 adornanda
617 1511 923 1560 occupabantur,
951 1524 1030 1560 quo
1063 1510 1178 1547 modo
1198 1523 1275 1547 rem
1306 1510 1408 1559 apud
1430 1511 1639 1547 Oratorem
1659 1521 1718 1545 re-

259 1574 428 1624 perimus
461 1573 709 1610 constitutam
739 1572 900 1623 Olymp.
932 1576 1022 1616 104,
1050 1577 1085 1609 1.
1116 1577 1154 1609 et
1180 1570 1233 1609 4.f
1284 1571 1423 1620 Neque
1457 1577 1584 1608 tamen
1617 1569 1715 1606 intra

260 1635 366 1673 hunc
385 1647 585 1672 numerum
608 1633 792 1679 substitit,
808 1634 873 1671 sed
895 1646 1172 1683 nonnunquam
1188 1633 1368 1671 advocati
1385 1632 1433 1669 ad
1452 1645 1566 1670 unam
1580 1644 1714 1669 navem

259 1702 350 1735 sunt
369 1696 480 1742 terni,
500 1695 620 1746 quini,
650 1695 744 1739 seni,
773 1694 877 1740 deni,
899 1695 1012 1732 etiam
1043 1694 1283 1744 quinideni.g
1337 1694 1508 1731 Coibant
1539 1694 1634 1731 tales
1654 1706 1714 1731 so—

691 234 850 274 FRID.
883 233 1022 275 AUG.
1055 232 1274 273 WOLFII
1314 268 1317 271 ,

259 1821 309 1851 χοι
323 1806 514 1838 καθίστανται
535 1805 709 1847 τετρακόσιοι
734 1806 858 1836 ἑκάστου
883 1805 970 1836 ἐνιαυ-

258 1854 320 1888 τοῦ,
336 1851 384 1880 καὶ
410 1850 516 1880 τούτων
532 1851 592 1884 τοῖς
611 1848 785 1889 ζουλομένοις
811 1849 973 1878 διαδικάσαι

263 1894 319 1925 ὅσοι
335 1894 395 1924 ἔτη.

305 1944 319 1959 c
336 1936 462 1966 Alterin
477 1936 594 1975 Equitt.
612 1947 641 1965 v.
654 1937 728 1966 913.
749 1935 853 1973 ibique
869 1935 972 1964 Schol.

264 1985 295 2010 et
313 1981 391 2010 Rau.
409 1991 439 2010 v.
457 1982 548 2010 1096.
586 1978 725 2016 Thucyd.
738 1979 794 2007 VI.
809 1980 860 2008 31.
884 1978 972 2007 Cont'.

262 2025 392 2053 Isocrat.
423 2023 492 2052 adv.
520 2022 646 2052 Gallim.>
668 2032 700 2060 p.
731 2022 805 2051 565.
829 2021 866 2050 A.
922 2022 970 2050 Ad

261 2066 342 2096 idem
358 2071 491 2104 tempus,
521 2070 573 2094 aut
599 2064 753 2103 antiquius
777 2063 879 2099 etiam,
903 2074 972 2103 spe-

263 2114 347 2138 ctant
377 2110 519 2144 fortasse,
544 2118 611 2146 quae
639 2107 753 2136 Pollux
779 2108 874 2136 VIII.
899 2110 971 2136 108.

264 2157 296 2181 et
309 2151 447 2190 Hesych.
466 2162 494 2180 v.
508 2150 651 2189 ναύκλαροι
667 2150 776 2178 liabent
794 2151 831 2178 dc·
847 2160 972 2178 naucra-

262 2194 330 2225 riis.
374 2191 426 2223 Ibi
454 2194 517 2223 vid.
541 2194 645 2231 Intpp.
690 2193 748 2221 Sed
766 2193 805 2221 de
829 2193 884 2221 hac
911 2198 973 2221 lota

264 2248 299 2267 re
314 2247 420 2276 parum
433 2237 577 2266 babemus
593 2235 758 2274 explorati.

309 2280 325 2301 ‘³
342 2281 374 2309 Is
401 2285 496 2314 certe,
513 2279 565 2318 qui
592 2288 716 2307 munera
738 2277 972 2316 magnificentis-

266 2323 343 2354 sime
357 2334 375 2353 a
390 2334 422 2352 se
443 2323 525 2351 obita
545 2324 639 2360 jactat
661 2321 740 2360 apud
759 2321 880 2359 Lysiam
899 2321 918 2350 1.
936 2332 974 2356 c.,

265 2371 384 2405 septem
399 2366 483 2395 annis
500 2368 600 2394 narrat
624 2374 677 2392 sex
698 2364 808 2393 talenta
836 2373 853 2392 a
879 2374 911 2393 se
942 2364 972 2393 in

265 2410 324 2440 hoo
340 2419 463 2438 munere
480 2408 587 2437 effusa.

309 2458 323 2474 Ε
340 2451 500 2481 Dexnosth.
517 2451 555 2479 de
567 2449 674 2488 Cor..§
693 2449 741 2478 λά.
787 2448 883 2479 Καίτοι
895 2451 973 2479 κατὰ

264 2507 329 2529 τους
356 2504 508 2536 ωροτεξους
531 2492 628 2531 νόμους
645 2502 674 2520 κ.
687 2503 717 2521 τ.
732 2498 760 2521 λ.
806 2493 856 2521 Ita
882 2493 908 2521 is
943 2497 973 2521 et

265 2539 339 2567 alibi
361 2538 495 2577 loquitur
518 2537 557 2566 de
585 2534 727 2574 pluribus
755 2535 877 2573 legibus
900 2545 972 2574 pro-

263 2585 333 2621 pter
356 2591 419 2610 rem
439 2578 664 2610 trierarchicam
678 2577 759 2607 latis.
805 2579 899 2607 Nulla
921 2579 972 2607 ha-

265 2635 332 2653 rum
349 2628 498 2663 superest.

312 2665 420 2696 forat.
430 2667 461 2695 in
478 2663 644 2703 Midiam§.
654 2665 707 2694 43.
730 2662 814 2702 Κςῖγὼ
829 2661 893 2692 κατ’
903 2661 970 2692 ἐκεί

263 2721 320 2744 νους
335 2721 398 2742 τους
412 2709 518 2749 καιροὺς
530 2706 729 2747 ἐτξιηςάρχουν,
746 2705 858 2740 εὖθυς’
849 2717 879 2735 εκ
896 2705 971 2735 wal-

265 2754 316 2782 δων
332 2751 455 2792 εξελθών,
477 2751 522 2781 ὅτε
549 2750 642 2780 σύνδυο
665 2754 734 2789 ἡμεν
757 2750 778 2779 οἱ
804 2749 972 2790 τξιῆροιρχοι

266 2797 361 2835 Atqui
375 2794 600 2825 Demosthenes
623 2793 654 2822 in
678 2793 777 2822 album
795 2793 906 2821 civium
923 2802 970 2820 re-

264 2838 345 2868 latus
375 2843 423 2868 est
453 2838 578 2875 Olymp.
605 2838 678 2870 103,
713 2838 744 2866 3.
772 2845 847 2865 anno
871 2835 970 2865 aetatis

266 2882 365 2911 XIX.
384 2882 466 2920 Ergo
483 2881 570 2914 illud,
587 2877 690 2913 εὖθυς’
681 2889 713 2907 εκ
728 2877 832 2908 παίδων
843 2877 971 2918 ἐξελθών,

264 2925 399 2962 pertinet
428 2924 467 2953 ad
483 2923 607 2961 Olymp.
629 2924 701 2952 103.
733 2926 906 2956 exeuntem,
922 2921 971 2950 vel

264 2968 417 2996 ineuntem
447 2968 519 2996 104.
564 2964 693 2995 Praetuli
721 2969 822 2993 autem
847 2964 971 3003 Olymp.

266 3012 340 3043 104,
377 3012 404 3038 1.
435 3014 562 3047 propter
591 3018 636 3042 ea,
665 3018 732 3046 quae
760 3012 918 3037 narrantur
941 3007 971 3036 in

1007 1806 1060 1834 Or.
1077 1806 1122 1836 ΙΙ.
1150 1805 1221 1835 adv.
1236 1806 1357 1844 Aphob.
1375 1816 1405 1844 p.
1424 1807 1497 1836 841.
1515 1805 1563 1835 ed.
1582 1806 1621 1835 R.
1669 1807 1715 1835 De

1007 1849 1102 1878 altero
1124 1859 1248 1878 numero
1265 1849 1346 1877 cons.
1364 1850 1449 1878 Orat.
1467 1848 1537 1877 adv.
1554 1848 1714 1887 Polyclem

1006 1902 1037 1930 p.
1061 1895 1154 1922 1218.
1187 1897 1218 1921 et
1245 1892 1283 1921 ad
1307 1892 1386 1921 hunc
1414 1892 1513 1921 locum
1529 1891 1624 1922 Petit.
1651 1892 1715 1922 LL.

1007 1935 1076 1964 AA.
1095 1945 1124 1973 p.
1141 1936 1216 1965 359.

1050 1984 1066 2004 g
1083 1977 1204 2016 Ulpian.
1222 1978 1259 2007 ad
1276 1979 1362 2006 Orat.
1378 1977 1454 2006 Mid.
1471 1977 1559 2016 §.4:3.
1604 1977 1714 2006 Πολλαὶ

1007 2020 1066 2060 περὶ
1082 2022 1136 2053 τὰς
1149 2018 1327 2060 τριηραρχίας
1341 2017 1472 2058 ἐγίγνοντο
1487 2019 1654 2060 μεταβολαὶ
1670 2020 1714 2051 διὰ

1007 2063 1039 2093 τὸ
1059 2062 1179 2101 μέγεθος
1201 2065 1250 2092 τοῦ
1275 2064 1474 2103 ἀναλώματος.
1531 2063 1584 2092 Καὶ
1598 2062 1645 2093 ὁτὲ
1661 2063 1717 2102 μὲν

1007 2106 1087 2136 cdv&
1075 2118 1102 2134 ο
1120 2111 1198 2136 ἥσειν·
1217 2105 1262 2135 ὁτὲ
1281 2105 1319 2141 δέ,
1335 2106 1466 2144 σύντρεις·
1483 2105 1530 2134 καὶ
1548 2105 1594 2135 ὁτὲ
1611 2105 1650 2141 δέ,
1666 2106 1714 2136 καὶ

1007 2148 1034 2178 δε
1025 2160 1074 2178 κα,
1095 2159 1261 2188 τριηξοιρχοι·
1277 2147 1323 2177 οτὲ
1345 2148 1372 2177 δὲ
1390 2160 1423 2188 χι
1416 2147 1487 2177 .’.λιοι
1530 2146 1564 2177 Ο
1580 2150 1642 2185 γοῦν
1658 2155 1714 2179 Δη-

1006 2190 1170 2230 ,ιιοσθένηςε
1162 2189 1273 2230 :io-*regor
1287 2191 1355 2220 δυοιν
1369 2191 1477 2231 τξιήρων
1494 2188 1538 2219 ἕια
1554 2191 1716 2232 τςιῆξαςχον

1007 2232 1127 2264 ἐποίησε.
1174 2235 1226 2262 Καὶ
1254 2234 1300 2263 ὁτὲ
1326 2232 1381 2272 μὲν
1406 2235 1419 2264 ἦ
1441 2233 1522 2267 πόλις
1548 2235 1596 2264 τὴν
1621 2245 1714 2263 κατα,-

1006 2279 1103 2308 σκευὴν
1122 2276 1169 2305 καὶ
1192 2288 1255 2310 τους
1276 2276 1380 2309 ναύτας
1403 2275 1497 2311 ἐδίδου,
1511 2288 1558 2305 και
1573 2276 1652 2315 μόνον
1667 2279 1715 2308 τήν

1006 2321 1067 2348 ναῦν
1082 2320 1092 2348 ὁ
1108 2319 1270 2360 τξιῆξαρχος
1285 2321 1424 2360 παρεῖχε·
1440 2319 1486 2348 ὁτὲ
1509 2318 1536 2348 δὲ
1553 2320 1715 2359 σύμπαντα,

1006 2361 1104 2392 οἴκοθεν
1127 2363 1148 2392 οἱ
1178 2363 1332 2403 τριήξαρχοι
1359 2363 1503 2402 παξεῖχον.
1554 2362 1602 2392 De
1625 2364 1714 2393 trinis

1007 2407 1097 2435 etiam
1121 2416 1252 2445 sequens
1276 2405 1419 2434 Scholion
1444 2405 1590 2443 loquitur,
1612 2411 1715 2437 cetera

1008 2449 1143 2487 ineptum
1158 2459 1164 2477 ι
1187 2451 1241 2478 Τὴν
1256 2448 1346 2488 τςιῆρη
1369 2447 1499 2488 ἐπλήρουν
1522 2447 1536 2478 ἢ
1551 2448 1684 2488 σύντρεις,
1699 2449 1714 2480 ἢ

1006 2490 1063 2521 ὅσοι
1081 2491 1192 2522 δήποτε.
1237 2493 1272 2520 In
1291 2491 1446 2530 prioribus
1470 2491 1589 2520 Petinus
1612 2491 1715 2529 rejicit

1007 2536 1111 2570 verba,
1128 2534 1174 2564 ὁτὲ
1192 2533 1219 2563 δὲ
1235 2533 1334 2575 χίλιοι,
1353 2533 1474 2562 omnino
1492 2544 1540 2562 me
1555 2535 1714 2572 probante,

1007 2578 1113 2606 saltem
1130 2577 1159 2606 in
1183 2577 1238 2606 illo
1261 2580 1419 2605 contexto.
1463 2576 1504 2605 At
1528 2577 1608 2614 quod
1631 2577 1711 2607 idem

1006 2621 1035 2649 in
1053 2620 1100 2655 iis,
1115 2630 1181 2658 quae
1196 2619 1337 2658 proxime
1359 2619 1544 2657 praecedunt,
1560 2621 1713 2656 emendat,

1006 2662 1052 2692 ὁτὲ
1069 2662 1091 2692 δ’
1107 2662 1264 2697 ἑκκαίδεκα,
1279 2662 1355 2692 illud
1380 2671 1439 2690 non
1461 2661 1572 2691 imiter.
1618 2663 1712 2693 Plura

1005 2706 1064 2734 huc
1090 2706 1261 2744 spectantia
1283 2710 1374 2734 vetus
1402 2704 1533 2742 scriptor
1557 2705 1636 2735 scire
1659 2717 1715 2744 po-

1006 2750 1074 2784 tuit,
1105 2759 1233 2787 quorum
1268 2752 1420 2777 auctores.
1438 2747 1528 2777 hodie
1556 2748 1712 2779 deficiunt.

1006 2792 1149 2821 Ceterum
1180 2801 1248 2820 cum
1277 2789 1402 2829 Ulpiani
1429 2790 1610 2820 auctoritate
1640 2802 1712 2822 con-

1001 2835 1091 2873 junxi
1119 2835 1213 2863 verba
1238 2832 1408 2872 Hyperidis
1436 2843 1484 2872 ap.
1511 2834 1663 2872 Harpocr.
1682 2846 1711 2864 v.

1006 2875 1165 2916 συμμοςία.
1212 2877 1290 2905 Nam
1307 2875 1348 2905 ibi
1366 2886 1486 2914 quoque
1501 2877 1540 2905 de
1556 2878 1712 2915 conjectu-

1006 2920 1047 2949 ris
1064 2920 1166 2955 Periti,
1182 2918 1309 2958 pessimi
1335 2919 1528 2956 conjectoris,
1553 2921 1712 2950 consentio

1006 2962 1277 3001 cumWesseling.
1315 2962 1522 2991 Temerarium
1537 2967 1595 2997 est,
1611 2962 1642 2992 in
1655 2964 1712 2993 du-

1007 3007 1065 3036 biis
1081 3010 1110 3035 et
1128 3005 1252 3034 incertis
1269 3004 1441 3034 testimonia
1467 3004 1630 3043 refingere.
1671 3007 1709 3036 Id
