1928 3284
1576 225 1687 280 375

221 340 340 378 docet
373 341 613 392 simpliciter,
636 342 826 392 Populum
855 343 892 379 iu
919 341 1147 393 syrnmorias
1168 342 1332 380 divisum
1361 357 1443 382 esse
1476 345 1690 385 Nausiuico

226 404 342 441 Arci».
364 403 524 454 Olyrup.
554 409 638 450 l00,
660 408 696 441 3.
745 405 846 447 Quae
865 417 924 441 res
947 398 1037 442 licet
1055 404 1163 441 illum
1179 418 1295 442 unum
1317 413 1511 444 auctorem
1529 408 1688 454 liabent,

225 472 458 514 tantumque
475 465 651 503 universe
674 465 829 516 prodita
844 466 907 516 sit,
929 473 967 504 et
986 478 1034 503 eo
1055 466 1186 511 modo,
1204 479 1284 516 quo
1305 467 1560 506 Grammatici
1578 470 1686 508 abuti

224 526 360 571 solent,
389 527 426 564 id
456 533 528 571 est,
552 539 629 564 non
658 527 813 565 disertis
835 528 962 565 verbis
983 527 1168 574 auctoris,
1190 527 1257 566 sed
1290 541 1360 578 per
1383 530 1658 580 compendium
1678 549 1688 577 ;

223 589 302 626 veri
320 595 446 625 tamen
467 601 536 638 per
555 596 614 626 est
632 588 769 634 simile,
786 588 1010 627 Pliilochori
1028 590 1283 627 narrationem
1304 590 1353 628 ad
1371 593 1546 642 εἰςφορᾰς
1568 594 1686 641 perti-

224 662 328 692 nere,
348 649 562 699 praesertim
580 663 700 699 quum
719 650 756 687 iu
777 650 821 688 iis
838 663 980 688 novum
1003 650 1177 688 ordinem
1193 651 1389 701 quendam
1411 651 1475 689 illo
1490 652 1686 692 Archonte

222 710 423 748 inductum
445 711 527 761 ipse
556 713 702 750 Orator
721 718 854 750 noster
874 725 950 750 non
982 712 1146 750 obscure
1168 712 1393 763 significet!
1441 714 1556 752 Adde
1582 728 1684 765 prae-

223 779 340 818 terea,
362 772 469 822 quod
491 779 580 811 ante
602 773 763 825 Olymp.
787 778 876 818 loo,
900 778 937 812 3.
965 774 1070 824 apud
1093 774 1238 812 nullum
1256 781 1442 821 veterum,
1464 776 1531 825 qui
1550 789 1685 827 super-

223 838 326 878 sunt,
350 846 397 870 ne
415 846 553 871 nomen
577 834 734 885 quidem
756 835 972 886 symmoriae
995 836 1034 872 in
1054 841 1191 873 neutro
1211 849 1351 886 genere
1373 836 1686 876 bellicimuneris

224 895 426 932 occurrit.⁸
483 891 664 933 Ceterum
700 896 949 934 veliementer
983 897 1086 934 cives
1124 898 1265 947 pressit
1303 897 1378 935 hoc
1416 911 1524 936 onus.
1583 899 1685 938 Nam

225 955 394 1005 quodam
416 963 590 1006 tempore
618 958 828 1007 reperimus
855 971 922 995 eos
950 959 1127 1008 quintam
1161 965 1310 1009 partem
1341 972 1554 998 annuorum
1590 961 1690 1000 redi-

225 1023 333 1054 tuum
355 1018 566 1055 contulisse
584 1034 593 1063 ς
625 1019 718 1069 quin
739 1019 870 1064 etiam,
893 1019 923 1057 si
943 1020 1031 1070 quis
1051 1019 1179 1070 plures
1200 1021 1337 1059 domos
1358 1021 1546 1061 sundosve
1566 1023 1688 1073 possi-

223 1078 355 1124 debat,
383 1092 469 1116 eum
502 1080 708 1130 probabile
743 1087 800 1118 est
831 1081 994 1119 totidem
1027 1083 1247 1120 nominibus
1276 1083 1313 1120 in
1334 1083 1498 1122 classem
1519 1097 1602 1123 esse
1622 1084 1688 1124 ad-

223 1141 442 1190 scriptumst

276 1202 462 1252 Sequitur
494 1203 734 1249 trierarcliia,
764 1218 860 1242 onus
892 1205 981 1242 olim
1005 1206 1202 1244 molestius
1221 1212 1260 1245 et
1279 1208 1514 1247 sumtuosius
1544 1208 1686 1248 ceteris

223 1265 415 1309 erunibus,
429 1265 542 1302 etiam
562 1265 691 1310 hodie,
708 1279 932 1316 quanquam
950 1268 1030 1305 siue
1049 1275 1189 1313 sumtu,
1208 1269 1532 1316 molestissimum,
1550 1271 1685 1322 siquis

224 1328 411 1365 rationem
434 1327 519 1377 ejus
542 1329 696 1378 penitus
716 1342 951 1378 cognoscere
974 1331 1121 1380 cupiat.
1161 1330 1321 1382 Quippe
1346 1345 1433 1382 quae
1458 1334 1600 1383 passim
1622 1346 1686 1372 ve-

226 1399 326 1428 teres
348 1389 397 1428 de
421 1404 466 1428 ea
487 1390 684 1436 dixerunt,
708 1391 915 1441 diligenter
936 1391 973 1428 in
1004 1405 1121 1430 unum
1153 1393 1350 1431 conducta
1370 1396 1517 1432 caecam
1539 1394 1688 1434 faciunt

224 1453 363 1490 molem
400 1465 540 1496 rerum,
574 1451 636 1489 cui
670 1452 767 1490 lucis
797 1452 942 1502 aliquid
974 1453 1112 1492 afferre
1148 1454 1419 1493 difficillimum
1454 1463 1526 1494 est.
1584 1457 1685 1496 Nam

222 1527 343 1565 quum
364 1514 474 1552 aliam
496 1514 579 1551 aliis
594 1514 836 1563 temporibus
859 1515 1096 1552 trierarchiae
1118 1516 1307 1554 rationem
1328 1517 1459 1563 fuisse,
1481 1524 1685 1570 totumque

221 1576 398 1614 ordinem
423 1575 633 1613 identidem
665 1576 905 1613 immutatum
926 1589 1009 1614 esse
1030 1583 1195 1623 constet,
1218 1577 1352 1616 barum
1374 1579 1685 1620 immutationum

222 1638 283 1676 vel
314 1638 434 1683 nulla,
470 1637 527 1675 vel
562 1637 786 1675 tenuissima
820 1638 932 1675 nobis
960 1638 997 1676 iu
1028 1638 1135 1676 libris
1155 1645 1329 1677 veterum
1359 1642 1519 1692 vestigia
1547 1643 1686 1682 relicta

221 1706 323 1738 suut.
383 1700 426 1736 ln
448 1699 507 1736 his
529 1705 656 1736 autem
680 1698 793 1736 rebus
814 1711 926 1736 nemo
946 1699 1110 1750 ignorat,
1133 1713 1248 1750 quam
1270 1713 1408 1751 parum
1431 1703 1588 1749 sciatur,
1610 1705 1686 1743 nisi

221 1761 308 1812 quis
329 1767 505 1809 tempora
525 1759 634 1804 sciat,
655 1766 694 1797 et
714 1759 761 1797 ad
784 1773 924 1798 annum
954 1774 1066 1798 suum
1088 1760 1276 1812 quodque
1302 1763 1507 1814 redegerit.
1565 1766 1685 1810 Quod

222 1824 259 1862 ni
291 1823 375 1870 fiat,
399 1836 445 1860 ne
467 1822 504 1860 id
532 1821 690 1872 quidem
714 1821 812 1860 bene
832 1823 1020 1873 explicari
1051 1824 1208 1874 poterit,
1231 1824 1324 1875 quid
1359 1825 1408 1863 sit
1437 1826 1684 1866 trierarchus.

222 1885 331 1924 Nihil
361 1885 461 1922 enim
493 1897 562 1922 nos
587 1883 715 1933 juvat,
738 1884 767 1921 si
793 1885 881 1935 quis
910 1898 998 1922 cum
1021 1885 1136 1935 vulgo
1167 1893 1312 1936 narrat,
1340 1887 1464 1925 civem
1492 1902 1592 1935 esse,
1616 1891 1683 1941 qui

222 1961 360 1987 navem
394 1947 587 1990 bellicam,
623 1954 861 1984 armamenta
894 1947 1059 1993 navalia,
1093 1947 1271 1999 remiges,
1307 1949 1381 1987 alia
1412 1950 1498 1999 ejus
1533 1953 1683 2001 generis

220 2009 445 2062 praebuerit.
506 2009 587 2046 Nos
609 2008 726 2059 igitur
746 2008 1051 2059 disputationem
1077 2017 1248 2047 nostram
1280 2010 1332 2047 ita
1365 2012 1619 2064 instituemus,
1642 2020 1684 2052 ut

222 2072 388 2124 primum
410 2071 545 2122 paucis
568 2084 790 2120 quaeramus
810 2072 859 2108 de
876 2072 1097 2122 antiquiore
1119 2079 1251 2118 aetate,
1271 2080 1352 2110 tum
1375 2074 1512 2114 ordine
1531 2089 1686 2116 enarre·

221 2147 319 2180 mus,
341 2147 429 2184 quae
452 2133 574 2171 nostri
592 2133 770 2170 Oratoris
793 2133 940 2171 saeculo
962 2140 1109 2172 mutata
1129 2148 1212 2173 esse
1231 2135 1445 2174 videantur.

274 2197 359 2234 Jam
381 2194 688 2245 quadringentos
705 2194 794 2232 olim
812 2194 860 2232 ad
882 2194 1122 2233 functionem
1142 2196 1377 2234 trierarcliiae
1398 2211 1481 2236 esse
1493 2199 1683 2248 delectos,

221 2256 325 2309 apud
348 2269 465 2294 unum
488 2256 791 2308 Xenophontem
814 2257 1007 2308 legimus.''
1062 2258 1137 2296 Sed
1157 2259 1253 2297 nihil
1270 2260 1332 2298 hic
1354 2260 1403 2299 de
1424 2262 1572 2301 ratione
1589 2264 1684 2303 deli-

682 234 802 275 PRO
812 232 1167 276 LEGOMENA.

1016 2374 1029 2389 ¹
1042 2371 1174 2409 Propter
1184 2372 1338 2410 posterius
1355 2373 1417 2402 vid.
1436 2375 1520 2404 Orat.
1537 2375 1607 2404 adv.
1622 2375 1682 2405 Po-

223 2377 272 2399 cnt
299 2369 327 2398 in
356 2369 481 2408 Olyntli.
501 2367 628 2407 A.§.5'.
675 2369 844 2410 Πρότερον
871 2369 935 2403 ιῖςι-

581 2412 586 2419 ’
972 2412 1043 2451 lycl.
1060 2424 1090 2453 p.
1108 2416 1200 2445 1208.
1215 2415 1264 2444 ed.
1284 2416 1321 2445 R.
1370 2417 1460 2446 Prius
1477 2418 1553 2446 illud
1571 2418 1682 2448 suctum

223 2411 321 2453 φᾶςιπ
351 2414 429 2441 κατὰ
455 2422 632 2452 συμμορως’
655 2413 705 2442 νυνὶ
730 2412 757 2442 δι’
787 2424 815 2443 κ.
843 2424 873 2442 τ.
907 2419 935 2442 λ.

223 2457 330 2485 ontio
357 2460 459 2484 autem
502 2455 566 2484 inec
596 2455 700 2485 habita
732 2462 779 2486 ent
812 2456 936 2495 Olymp.

228 2500 301 2534 107,
315 2502 345 2528 4.

265 2547 279 2568 1
296 2543 331 2571 ln
348 2541 476 2570 Androt.
498 2551 529 2580 p.
557 2542 630 2570 606.
656 2541 705 2570 ed.
731 2541 772 2571 R.
819 2541 877 2570 Ubi
906 2541 936 2570 in

222 2590 399 2615 transcursu
417 2584 606 2622 attinguntur
622 2583 739 2624 ιῖςφοςαὶ
754 2584 781 2613 ni
798 2585 855 2614 ὰπὸ
864 2590 935 2614 Ναυ-

222 2629 334 2659 αοὺωυ,
380 2627 466 2663 Qun
482 2632 609 2666 propter
633 2627 812 2657 Pliilochori
836 2628 935 2657 locum

224 2671 326 2710 potius·
350 2670 550 2699 intellexerim
579 2680 646 2699 ene
664 2671 832 2700 collationes
852 2670 935 2699 Nau-

223 2716 312 2743 unico
327 2712 416 2743 Areh.
434 2714 595 2747 instauras,
618 2723 708 2753 quum
735 2713 935 2743 N-uuinicum

224 2762 405 2795 quae-torem
421 2755 585 2795 quendam.
603 2762 635 2785 ut
662 2756 742 2795 apud
763 2756 873 2787 Reisk.
889 2762 937 2786 ent

226 2800 256 2829 in
288 2799 354 2829 lud.
386 2799 544 2828 Demonth.
560 2798 667 2828 histor.
713 2799 801 2828 Conf.
823 2799 934 2838 Taylo·

226 2852 291 2872 rum
311 2842 341 2870 in
355 2841 427 2870 Not.
447 2841 528 2881 §.⁴82
545 2848 574 2871 et
585 2842 704 2872 Coruini
721 2843 755 2873 F.
769 2843 853 2873 Λ.Ί’.
872 2843 934 2872 111.

249 2908 255 2915 .
271 2887 345 2914 1301.

225 2897 245 2925 p
271 2934 281 2948 ¹
298 2927 382 2957 L‘nu·
414 2926 500 2955 loeu-
516 2931 575 2962 υἱ,
596 2927 649 2966 qni
677 2927 746 2957 huic
778 2928 935 2957 sententiae

223 2972 344 3000 obstare
374 2969 523 3006 videniur,
561 2971 641 3010 apud
680 2971 801 3001 lotum.
865 2971 935 3000 Via.

225 3020 327 3044 notam
352 3023 366 3042 r
392 3014 505 3051 p.378.

972 2461 1018 2485 est
1035 2461 1118 2486 certe
1140 2457 1213 2487 circ.
1241 2457 1366 2498 Olyrup.
1384 2462 1468 2494 103..
1490 2466 1566 2490 teste
1594 2462 1681 2491 Orat.

972 2499 998 2528 Ι.
1027 2499 1055 2528 in
1075 2500 1196 2538 Aphob.
1222 2511 1253 2540 p.
1271 2503 1343 2532 815.
1363 2504 1412 2531 ed.
1436 2505 1485 2537 R..
1511 2505 1598 2541 eujus
1618 2503 1681 2534 loci

971 2552 1080 2571 caussa
1096 2543 1273 2573 orationem
1299 2555 1364 2574 eam
1390 2545 1492 2574 laudnt
1528 2546 1679 2584 llarpocr.

971 2585 991 2614 l.
1004 2596 1032 2614 c.
1081 2586 1237 2615 Discimus
1260 2587 1381 2624 iude‚et
1399 2600 1434 2618 ex
1454 2589 1496 2617 ll.
1514 2589 1543 2619 in
1561 2590 1682 2627 Aphob.

972 2638 1002 2667 p.
1020 2630 1107 2665 836„
1123 2629 1251 2658 collatus
1266 2635 1327 2659 tum
1352 2631 1567 2661 Demosthenis
1585 2633 1679 2662 riumi-

971 2681 1006 2700 ne
1029 2681 1047 2700 a
1064 2672 1218 2701 tutoribus
1235 2675 1301 2710 ejus
1318 2684 1387 2702 esse
1404 2674 1442 2702 de
1457 2674 1547 2713 minis
1565 2675 1682 2706 viceni·

971 2714 1071 2753 quinis
1100 2715 1260 2744 drachman
1283 2717 1462 2754 quingentis,
1479 2728 1546 2755 quae
1562 2723 1620 2754 est,
1648 2724 1681 2748 ut

971 2757 1172 2797 dixi,quintn
1197 2768 1277 2796 paru.
1324 2759 1509 2796 Apponitur,
1536 2771 1593 2790 non
1609 2762 1681 2800 plut

972 2800 1097 2829 dedisse
1112 2801 1307 2830 Timotheum
1333 2801 1480 2837 Cononis,
1504 2808 1535 2832 et
1563 2804 1683 2835 diuini-

972 2854 1048 2872 mos.
1094 2843 1258 2872 Orationes
1274 2844 1334 2873 illm
1356 2845 1490 2875 omnium
1507 2845 1614 2885 primm
1636 2848 1680 2878 Γα-

970 2892 1057 2915 erunt
1088 2887 1215 2920 Nostro,
1251 2887 1359 2916 lmbitae
1394 2887 1518 2927 Olymp.
1546 2893 1617 2926 104,
1651 2894 1679 2921 1.

973 2928 1054 2957 stile
1071 2929 1129 2957 erit
1155 2928 1184 2957 in
1215 2928 1261 2957 hi·
1289 2931 1392 2965 rebus,
1425 2932 1523 2970 ‹luond
1555 2934 1681 2972 poterit,

972 2971 1083 3010 ubique.
1099 2971 1313 3002 auctoritatum
1330 2979 1468 3013 tempor·
1483 2982 1636 3006 nunni-re.

1015 3014 1029 3032 ”
1058 3015 1103 3043 Ue
1125 3014 1255 3053 Republ.
1271 3016 1380 3046 Athen.
1400 3017 1462 3047 ΠΙ.
1481 3022 1510 3049 4.
1555 3019 1682 3060 Τμῆρας-
