1928 3284
257 208 365 263 426

644 212 1316 258 ΔΗΜΟΣΘΕΝΟΥΣ

255 331 328 386 διαὶ
347 332 399 385 τό
425 331 557 408 κύριον
580 330 690 384 ὄντα
709 332 783 384 τᾶν
805 330 1014 383 Λεύκωνα
1039 328 1178 382 αὗτοῧ
1194 339 1281 388 τοῖς
1297 328 1459 395 ἄγουσι
1480 327 1556 380 τὸν
1577 338 1701 381 σῖτον

255 405 476 478 Ἀθήναζε
503 406 712 458 οἷτέλειαν
754 401 993 466 δεδωκέναι,
1021 402 1099 455 καὶ
1127 402 1368 478 κηρύττειν,
1395 400 1598 470 πρώτους
1620 426 1700 469 ’γε-

1471 474 1485 494 Χ

255 479 480 554 μίξεσθαι
523 479 623 539 τοῦς
663 480 718 537 ὦς
759 478 875 547 ἡμᾶς
916 478 1155 536 πλέοντας.

259 556 406 623 ἑαυτῷ
429 553 508 606 καὶ
536 564 627 613 τοῖς
660 549 797 605 παισὶ
825 551 902 612 τὴν
927 549 1154 614 οἷτὲλειαν,
1189 549 1340 604 ἅπασι
1373 549 1413 602 δε

262 629 411 681 Τοῦτο
450 627 491 680 δὲ
529 627 679 689 ’ἡλίκον
715 623 832 688 ἐστὶ,
867 624 1140 693 θεωρήσατε.

1214 475 1371 544 ’Ἔχων
1414 501 1507 551 ’γαρ
1547 475 1703 536 ἐκεῖνος

1408 548 1548 602 ’ὃωκεν
1581 550 1698 621 ὑμῖν.

1218 627 1404 684 Ἐκεῖνος
1442 622 1700 692 πράττεται

263 701 364 761 τούς
391 701 505 775 παρ’
539 702 676 752 αὐτοῦ
702 710 822 751 σῖτον
859 697 1107 764 ἐξάγοντας
1135 700 1418 775 τριακοστήν.
1476 698 1534 749 Αἵ
1568 699 1704 750 τοίνυν

261 776 367 844 παρ’
395 775 551 827 ἐκείνου
577 772 689 849 δεῦρο
709 772 1018 843 ἀφικνούμεναι
1039 772 1164 824 σίτου
1182 770 1383 847 μυριάδες
1408 773 1505 847 περὶ
1533 796 1704 824 τεττα-

260 849 456 919 ράκοντά
475 847 573 901 εἷο-ι·
598 849 675 900 καὶ
698 849 828 900 τοῦτο
855 846 904 900 ἔκ
925 847 1003 908 τῆς
1022 847 1151 914 παραὶ
1169 857 1259 906 τοῖς
1278 843 1568 910 σιτοφύλαξιν
1586 845 1705 898 α’πο-

265 923 440 1000 ’γραφῆς
464 921 518 974 οἷν
547 947 613 982 τις
637 920 658 974 ἴ
681 947 733 974 οι.
802 923 970 975 Ου’κοῦν
998 919 1124 997 παραὶ
1149 919 1226 992 μὲν
1254 919 1340 979 τοὶς
1366 917 1610 994 τριάκοντα
1633 944 1719 990 μυ-

268 1040 324 1068 bus
348 1038 544 1073 fabricandis,
569 1037 719 1076 mancipia
743 1042 815 1072 etc„
832 1047 906 1075 quas
928 1046 977 1066 res

268 1083 483 1120 permutabant
517 1081 563 1111 illi
593 1080 685 1113 vinis,
714 1080 745 1109 in
779 1080 836 1116 Co,
865 1080 979 1113 Thaso,

272 1125 392 1154 Mendae
415 1129 446 1153 et
477 1123 549 1153 alibi
578 1123 718 1158 coemtis,
746 1127 798 1152 aut
825 1123 918 1151 rebus
950 1126 980 1151 et

270 1167 454 1197 utensilibus
481 1177 521 1196 ex
543 1165 668 1195 fabricis
683 1171 714 1195 et
739 1165 866 1194 officinis
887 1164 981 1194 Athe-

270 1220 386 1239 narum.
418 1210 520 1248 Hujus
535 1208 613 1238 enim
630 1208 715 1237 urbis
727 1218 856 1243 merces,
873 1212 981 1245 utpote

271 1252 430 1291 praecipua
445 1251 596 1291 elegantia
608 1251 794 1291 conspicuae,
808 1262 869 1280 non
884 1251 981 1279 minus

272 1295 347 1325 olim
368 1294 400 1324 iu
416 1295 539 1324 deliciis
562 1299 660 1330 erant,
678 1305 766 1333 quam
783 1293 877 1322 hodie
895 1293 981 1323 Pari-

273 1338 390 1368 sienses
414 1342 467 1367 aut
490 1338 710 1367 Londinenses.
745 1336 983 1366 Atheniensibus

273 1385 416 1421 quantum
442 1391 478 1409 ea
499 1384 670 1409 mercatura
692 1379 827 1409 attulerit
852 1389 984 1408 commo-

276 1424 396 1458 dorum,
418 1423 510 1452 facile
532 1423 727 1462 intelligitur.
762 1423 821 1452 vel
849 1432 909 1451 uua
925 1423 985 1451 fru-

276 1466 423 1497 mentaria
443 1465 586 1505 plurimis
602 1465 725 1495 civibus
741 1465 848 1494 debuit
859 1465 986 1496 „lucrosa

278 1520 358 1544 esse,
375 1514 406 1538 ut
426 1521 466 1538 ex
490 1519 526 1538 ea
551 1508 617 1537 sola
640 1508 698 1537 sibi
720 1508 835 1537 victum
861 1515 891 1537 et
913 1518 987 1546 opes

279 1562 415 1591 quaerere
442 1551 607 1590 potuerint.
649 1551 717 1581 Jam
744 1551 889 1580 universe
917 1551 988 1579 vide

280 1595 431 1625 Herodot.
448 1595 527 1623 VII.
548 1597 620 1633 147.
642 1593 742 1632 Lysiae
760 1592 816 1623 Or.
836 1593 988 1622 xxxll.

278 1649 313 1677 p.
329 1640 403 1668 902.
426 1636 576 1666 Andocid.
593 1637 647 1665 Or.
667 1637 710 1665 ΙΙ.
725 1646 755 1674 p.
774 1638 825 1665 86.
842 1635 990 1674 Xenoph.

281 1681 405 1710 Hellen.
423 1680 462 1708 V.
479 1683 509 1710 4.
530 1685 609 1708 extr.
626 1679 725 1708 Anab.
742 1679 799 1708 Vl.
817 1682 846 1707 4.
866 1679 939 1707 VII.
959 1680 990 1707 5.

280 1725 412 1753 Isocrat.
428 1723 556 1760 Trapez.
583 1732 612 1759 p.
630 1723 702 1751 529.
727 1731 811 1759 seqq.
832 1721 990 1750 Demosth.

283 1767 320 1795 de
334 1767 404 1795 Cor.
418 1765 444 1805 ς’.
457 1764 511 1803 κζ’.
528 1765 598 1793 adv.
614 1764 724 1793 Lacrit.
740 1774 772 1802 p.
788 1765 860 1794 935.
875 1770 905 1792 et
918 1766 991 1794 941.

284 1809 334 1838 ed.
351 1809 392 1837 R.
419 1807 487 1836 adv.
507 1808 631 1837 Phorm.
649 1818 678 1845 p.
693 1809 765 1837 908.
781 1813 811 1835 et
829 1808 905 1836 917.
922 1807 992 1835 adv.

284 1851 406 1890 Polyel.
422 1861 453 1888 p.
466 1852 558 1881 1210.
571 1861 617 1889 sq.
633 1849 744 1888 Polyb.
756 1849 812 1878 n‘.
825 1852 876 1879 38.
893 1850 993 1878 Strab.

286 1895 365 1923 VII.
380 1904 410 1932 p.
424 1895 509 1928 478„
526 1892 576 1921 ubi
601 1898 631 1922 et
648 1893 799 1921 Leuconis
820 1892 934 1921 mentio
951 1893 992 1921 fit.

286 1938 335 1967 Ad
358 1937 423 1966 haec
440 1937 518 1964 cons.
535 1935 619 1965 Guil.
635 1934 752 1964 Clarkii
771 1935 950 1964 Connexion
966 1935 1000 1963 of

287 1981 338 2009 the
359 1981 484 2013 Roman,
509 1980 609 2007 Sason
632 1978 689 2007 and
716 1977 844 2015 English
861 1978 945 2006 coins
964 1988 993 2016 p.

287 2023 340 2052 55.
354 2029 383 2051 et
398 2021 517 2051 Pauwii
532 2021 728 2050 Recherches
746 2020 996 2059 philosophiques

288 2076 340 2094 sur
361 2065 406 2093 les
422 2065 518 2093 Grecs
533 2075 564 2102 p.
580 2065 655 2094 3:31.
675 2074 739 2101 seq.
776 2065 918 2092 Ceterum
942 2074 996 2091 no-

290 2113 354 2137 tatu
377 2117 436 2136 non
462 2107 618 2145 indignum
645 2111 728 2145 puto,
751 2106 831 2143 quod
861 2106 996 2143 potiores

290 2161 350 2185 res,
367 2160 442 2189 quas
462 2150 671 2179 Chersonesus
695 2149 784 2177 hodie
809 2158 929 2187 quoque
953 2148 997 2176 vi-

290 2193 368 2222 cinis
398 2192 527 2231 praebet,
553 2192 714 2221 maximam
740 2196 856 2229 partem
882 2191 995 2219 eaedem

292 2240 373 2271 sunt,
400 2245 474 2273 quas
498 2235 569 2263 olim
597 2234 735 2263 nationes
759 2233 830 2262 inde
852 2238 996 2271 exporta-

292 2284 372 2308 runt.
396 2278 502 2307 Imm.

333 2319 478 2349 Ἀτὲλει-ἰν
503 2317 652 2352 δεδωκέναι,
668 2318 717 2347 καὶ
743 2317 895 2357 κηξύττειν,
916 2318 996 2356 ’.πρώ-

292 2375 357 2398 τους
375 2361 549 2402 γεμίζεσθαι
564 2361 621 2400 -—]
648 2362 725 2389 Haec
741 2362 802 2390 duo
824 2371 913 2399 quam
937 2360 997 2389 vim

293 2407 405 2436 babere
433 2405 607 2438 debuerint,
634 2404 746 2432 docere
777 2403 850 2432 nihil
879 2402 997 2432 attinet.

293 2449 346 2479 Sic
376 2449 515 2477 nimirum
541 2446 735 2476 frumentaria
765 2446 888 2483 negotia
912 2446 998 2475 illius

295 2491 430 2530 regionis
441 2491 470 2519 in
484 2500 602 2519 manum
619 2489 751 2518 solorum
767 2489 999 2518 Atheniensium

296 2534 441 2564 devenire
457 2543 583 2562 necesse
599 2532 666 2561 suit.
688 2532 793 2560 lom.

336 2576 429 2618 Ἐχων
450 2578 503 2613 γὰρ
525 2574 620 2607 ἐκεῖνος
640 2592 682 2596 —
702 2574 782 2613 ὑμῖν]
819 2573 998 2602 Antitheton

297 2619 396 2650 tribus
412 2618 515 2648 verbis
531 2618 676 2651 declarat,
689 2626 775 2655 quam
789 2616 865 2644 bene
877 2620 905 2644 et
920 2625 1000 2653 quae-

299 2668 403 2693 stuose
417 2662 515 2700 Resp.
533 2659 761 2690 Atheniensium
779 2669 846 2687 eum
860 2658 1000 2688 Leucone

297 2705 517 2735 immunitatem
545 2701 775 2742 permutaverit.
814 2701 896 2730 Hinc
925 2710 1001 2729 unns

298 2758 348 2777 rex
371 2757 436 2776 cum
450 2747 538 2785 filiis,
560 2746 643 2775 illinc
659 2743 843 2774 Athenienses
865 2743 1001 2772 uniret-si.

299 2791 414 2820 Verum
434 2790 491 2818 fide
508 2788 669 2821 rhetorica,
687 2791 717 2816 ut
731 2787 820 2821 solet,
834 2795 923 2823 agere
940 2786 1002 2814 De-

299 2833 474 2862 mosthenes
492 2832 625 2861 videtur.
652 2831 743 2859 Certe
759 2829 880 2858 minime
895 2837 1002 2857 vanum

303 2885 410 2904 nornen
433 2875 527 2903 fuisse
554 2872 771 2903 immunitatem
796 2870 927 2901 Leuconi
948 2871 1002 2899 do-

302 2924 413 2952 natam,
436 2919 580 2947 observat
603 2917 634 2945 S.
656 2915 748 2944 Croix
771 2914 800 2943 iu
826 2914 904 2942 libro
929 2913 967 2942 de
983 2912 1003 2941 l'

301 2960 363 2990 etat
386 2967 415 2990 et
438 2960 479 2989 du
506 2963 570 2989 sort
593 2959 648 2989 des
672 2957 834 2987 anciennes
858 2956 1003 2985 Colonies

302 3013 333 3041 p.
352 3005 436 3037 101¹¹
457 3002 638 3041 comparatis
659 3000 816 3030 Demosth.
838 3000 891 3029 Or.
915 2999 1005 3038 hujus

1012 1035 1037 1074 ᾗ.
1055 1034 1098 1064 ιδ’.
1123 1040 1153 1065 et
1176 1035 1323 1074 Xenoph.
1349 1035 1389 1064 R.
1407 1034 1517 1063 Athen.
1533 1035 1559 1062 1.
1576 1035 1639 1068 17„
1653 1033 1719 1072 qui-

1011 1080 1068 1108 bus
1091 1078 1168 1108 locis
1183 1079 1338 1112 docemur,
1361 1078 1474 1115 Remp.
1491 1076 1720 1106 Atheniensium

1012 1131 1029 1150 a
1051 1121 1283 1156 mercatoribus,
1300 1121 1351 1159 qui
1366 1120 1604 1158 Hellespontum
1628 1119 1721 1148 intra-

1012 1169 1089 1199 rent,
1107 1164 1267 1198 decimam,
1281 1163 1333 1201 qni
1350 1162 1514 1196 Piraeeum,
1525 1162 1721 1191 centesimam

1013 1206 1142 1245 portorii
1156 1207 1275 1236 nomine
1288 1205 1444 1242 exegisse.
1469 1204 1552 1240 Quid
1567 1205 1597 1233 in
1609 1204 1723 1233 nostris

1016 1249 1122 1279 verbis
1138 1249 1293 1278 desideret
1309 1248 1469 1282 Reiskins,
1482 1252 1513 1276 et
1528 1247 1683 1285 quomodo
1697 1247 1725 1276 ei

1016 1293 1128 1322 Orator
1145 1292 1265 1331 planius
1290 1291 1376 1330 loqui
1403 1290 1548 1319 debuisse
1573 1290 1726 1324 videatur,

1016 1345 1118 1374 operae
1134 1335 1267 1373 pretium
1285 1344 1344 1363 non
1364 1338 1410 1362 est
1424 1334 1551 1362 referre.
1576 1334 1682 1362 lnmx.

1060 1378 1112 1407 Καὶ
1128 1379 1212 1408 τοῦτο
1238 1376 1268 1406 ἔκ
1289 1379 1340 1410 τῆς
1363 1378 1441 1415 mig&
1457 1377 1516 1409 τοῖς
1539 1374 1728 1415 σιτοφύλαξιν

1729 642 1807 678 467

1017 1421 1188 1461 ἀωογξαφῆς
1210 1420 1240 1449 ἄν
1263 1431 1307 1453 τις
1328 1419 1392 1458 ἴδοι]
1404 1420 1516 1448 Sitonae
1532 1419 1612 1457 apud
1631 1413 1743 1447 Athe?

1019 1463 1139 1493 nienses
1171 1468 1326 1492 curatores
1355 1467 1440 1491 erant
1469 1461 1636 1491 coemendo
1665 1461 1728 1489 fru-

1019 1511 1132 1542 mento,
1159 1506 1378 1544 condendoque
1396 1504 1546 1543 praefecti,
1569 1504 1621 1543 qui
1642 1503 1727 1533 Lati-

1022 1559 1058 1577 ne
1079 1548 1315 1588 frumentatores
1338 1547 1492 1582 dicuntur,
1525 1549 1547 1577 οἱ
1576 1545 1622 1576 τὸν
1649 1547 1734 1575 σῖτον,

1021 1591 1199 1631 ἀγοράζοντες
1219 1591 1268 1620 καὶ
1292 1589 1500 1629 ἀποτιθέμενοι.
1527 1594 1612 1619 erant
1636 1589 1727 1618 etiam

1022 1634 1074 1675 qui
1105 1634 1295 1672 σιτοφύλακες
1328 1633 1520 1667 dicebantur,
1551 1631 1638 1670 quasi
1668 1632 1730 1660 fru-

1023 1676 1116 1706 menti
1132 1676 1310 1706 asservandi
1327 1685 1429 1705 curam
1446 1680 1602 1712 gerentes,
1619 1680 1652 1704 ut
1669 1675 1731 1703 De-

1024 1719 1198 1748 mosthenes
1226 1720 1282 1748 hoc
1314 1718 1394 1751 loco,
1422 1718 1460 1746 de
1489 1718 1629 1747 Leucone
1658 1726 1732 1756 rege

1027 1762 1175 1799 Bosphori
1190 1762 1334 1799 loquens:
1352 1761 1400 1790 Ab
1417 1770 1464 1793 eo,
1479 1761 1589 1798 inquit,
1606 1764 1733 1798 quotan-

1026 1805 1073 1834 nis
1087 1805 1229 1833 frumenti
1243 1805 1280 1833 ad
1293 1806 1385 1833 1400.
1396 1803 1594 1838 medimnum,
1605 1803 1637 1831 id
1650 1803 1732 1841 quod

1026 1858 1063 1876 ex
1080 1847 1192 1876 tabulis
1218 1852 1247 1876 et
1271 1847 1424 1885 scriptura
1440 1846 1665 1885 sitophylacum
1689 1845 1730 1873 vi-

1027 1890 1101 1919 dere
1118 1889 1218 1928 quivis
1234 1895 1347 1928 potest,
1366 1888 1422 1918 ἃο.
1460 1890 1548 1918 Idem
1566 1898 1674 1917 munus
1695 1888 1733 1917 ab

1027 1933 1094 1962 aliis
1117 1933 1264 1969 σιτολογῖοι
1288 1933 1412 1967 dicitur,
1435 1937 1463 1960 et
1491 1936 1647 1960 curatores
1672 1930 1735 1968 ipsi

1028 1976 1180 2012 σιτολὲγοι,
1199 1975 1303 2003 Latine
1318 1975 1472 2015 frumenti
1487 1980 1638 2003 coactores.
1664 1974 1734 2002 Dis-

1029 2023 1208 2057 pensatores
1237 2023 1335 2047 autern
1364 2017 1423 2056 ipsi
1451 2027 1576 2046 annonae
1601 2016 1735 2055 publicae

1030 2060 1200 2100 σιτομέτραι
1219 2067 1376 2090 vocantur.
1413 2059 1492 2089 Haee
1508 2069 1632 2088 munera
1649 2058 1735 2088 insti-

1031 2108 1095 2132 tuta
1111 2109 1193 2132 erant
1210 2103 1239 2131 in
1253 2103 1292 2131 iis
1309 2102 1488 2132 civitatibus
1504 2112 1570 2140 quae
1582 2101 1735 2130 frumento

1030 2146 1195 2184 importato
1226 2146 1397 2179 utebantur,
1429 2151 1460 2172 ut
1489 2144 1629 2178 Athenis,
1657 2144 1735 2173 unde

1034 2188 1257 2217 Demosthenes
1279 2188 1403 2221 ibidem,
1420 2185 1550 2224 πλείστῳ
1571 2188 1626 2215 τῶν
1644 2186 1737 2216 ἁπάν-

1031 2241 1086 2260 των
1101 2229 1251 2270 ἀνθξώτπων
1274 2231 1356 2269 ἦμεῖς
1381 2227 1543 2268 ἐπεισάκτῳ
1565 2228 1638 2267 σίτῳ
1660 2229 1736 2269 χξώ-

1031 2272 1119 2312 μεθα.
1144 2273 1187 2302 Er
1203 2274 1272 2302 edit.
1294 2274 1457 2301 HERVAG.

1074 2316 1121 2344 Ἐκ
1135 2318 1186 2348 τῆς
1201 2317 1280 2354 vagi«.
1301 2316 1360 2349 τοῖς
1375 2312 1560 2354 σιτοφύλαξιν
1573 2314 1738 2353 ἀπογραφῆς

1032 2359 1064 2387 ἄν
1080 2370 1123 2392 ’τις
1139 2358 1202 2397 ἴδοι]
1227 2360 1314 2388 Unus
1335 2357 1395 2391 hic,
1419 2358 1501 2395 quod
1523 2356 1631 2392 sciam,
1651 2356 1738 2385 locus

1033 2407 1080 2430 est
1108 2401 1138 2430 in
1169 2401 1361 2436 Oratoribus,
1389 2399 1440 2428 ubi
1468 2401 1527 2432 τοῖς
1554 2397 1739 2438 σιτοφύλαξιν

1033 2454 1140 2473 munus
1157 2444 1310 2478 tribuitur,
1324 2444 1507 2472 frumentum
1518 2442 1546 2470 in
1559 2447 1667 2480 portus
1681 2442 1738 2470 At-

1033 2487 1111 2516 ticos
1141 2486 1305 2521 invectum,
1338 2488 1463 2524 ejusque
1487 2485 1611 2514 modurn
1637 2485 1738 2513 consi-

1035 2530 1155 2568 gnandi.
1179 2528 1341 2568 Ἀπογξαφῆ
1359 2528 1537 2566 capiendum
1551 2527 1590 2555 de
1603 2527 1654 2556 tali
1667 2527 1738 2555 scri-

1031 2578 1121 2610 ptura
1138 2578 1189 2601 aut
1205 2573 1318 2601 tabulis.
1358 2572 1466 2608 Itaque
1483 2572 1544 2608 jam
1566 2574 1627 2597 tum
1644 2569 1674 2598 in
1691 2569 1738 2598 his

1034 2616 1126 2644 rebus
1140 2616 1251 2643 bonum
1259 2614 1395 2643 ordinem
1409 2613 1547 2642 videmus
1559 2611 1738 2641 adhibitum.

1035 2657 1232 2696 Σιτοφύλιικας
1244 2657 1347 2695 plures
1361 2659 1535 2690 memorant,
1546 2663 1622 2692 quos
1635 2654 1739 2683 laudat

1038 2701 1152 2729 Mem-s.
1174 2700 1202 2728 in
1222 2700 1338 2728 Piraeeo
1353 2709 1380 2727 c.
1399 2701 1428 2728 5.
1455 2697 1516 2726 Sed
1537 2695 1637 2734 potior
1652 2697 1738 2727 locus

1037 2748 1083 2771 est
1106 2743 1136 2771 in
1155 2743 1256 2781 Lysiae
1279 2744 1331 2772 Or.
1355 2741 1473 2770 XXII.
1497 2750 1528 2778 p.
1543 2741 1617 2770 722.
1650 2740 1686 2769 F.
1702 2740 1739 2770 A.

1037 2785 1154 2814 Wom.

1080 2828 1180 2856 Οἰκοῖῖν
1202 2829 1279 2866 παρὰ
1294 2825 1348 2864 μὲν
1365 2828 1419 2858 ταὶς
1439 2826 1587 2864 τριάκοντα
1601 2823 1740 2863 μυριάδας

1037 2888 1079 2891 -
1094 2869 1275 2910 τριςχιλίους]
1300 2870 1403 2898 Leueo
1428 2878 1519 2906 quum
1547 2867 1741 2902 tricesimam,

1038 2922 1126 2951 quam
1143 2914 1180 2941 ab
1197 2913 1266 2942 aliis
1284 2923 1299 2942 e
1322 2911 1420 2940 Ponto
1436 2911 1616 2939 frumentum
1632 2919 1741 2947 expor-

1039 2955 1172 2984 tantibus
1203 2955 1313 2993 exigit,
1342 2954 1428 2983 nobis
1455 2953 1528 2982 data
1553 2952 1741 2981 immunitate

1039 2998 1167 3037 portorii
1183 2997 1349 3033 remiserit,
1367 2995 1527 3035 quotannis
1551 2994 1580 3024 in
1601 2996 1664 3025 300
1681 2997 1745 3024 000
