1928 3284
686 215 1142 255 PROLEGOMENA.
1618 220 1645 256 9

231 324 323 363 Qua:
342 324 463 355 nutem
481 321 519 355 in
537 331 579 353 eo
597 321 708 362 SCto,
727 322 802 355 six-e
822 322 1108 365 ιΙμοβυυλιύμιιτι,
1125 319 1304 354 infirmare
1319 319 1433 354 voluit
1445 319 1647 361 AEsohineae,

184 378 229 411 ml
247 379 313 410 triu
329 377 457 425 Capita
474 377 558 408 sunt
574 375 782 419 redigenda.
798 387 848 410 sc.
861 376 932 419 (1.)
944 377 1080 410 Sedulo
1095 375 1193 410 eavit
1207 375 1318 419 Resp.
1332 385 1378 409 ne
1394 376 1455 409 cui
1470 376 1647 418 ejusmodi

184 432 336 465 honores
349 430 642 469 decernerentur,
668 430 729 474 qui
757 432 1009 474 magistratum
1039 433 1102 464 aut
1126 440 1260 464 munus
1286 429 1433 475 aliquod
1461 430 1646 474 publicum

183 489 353 529 gesserat,
369 484 578 529 priusquam
595 485 770 520 Rationes
795 486 899 520 istius
915 486 1079 520 Muneris
1101 485 1181 531 (qui
1199 496 1276 520 mos
1293 485 1329 519 in
1347 495 1391 519 ea
1407 485 1564 520 Civitate
1593 486 1647 520 in-

182 540 323 582 valuit.)
348 550 368 572 a
386 539 481 572 viris
500 538 544 572 ad
562 550 642 574 eam
662 551 735 574 rem
753 541 820 574 rito
837 541 1108 585 exsequendam
1135 539 1346 574 constitutis
1370 540 1648 585 comprobaren-

180 598 249 628 tnr.
297 593 382 627 Seii.
400 604 444 627 ne
462 594 660 628 l'raeconiis
677 598 714 628 et
731 595 881 629 Coronis
905 600 942 629 et
974 594 1261 629 Laudationibus
1288 594 1462 628 Rationes
1487 594 1646 639 publicae

179 653 534 694 pra-occuparentur.
583 649 756 693 Ctesipho
781 654 904 683 autern
935 651 1031 690 tulit,
1056 650 1185 684 donari
1212 649 1499 684 Demosthenem
1522 652 1647 694 μεταξὺ

179 706 344 746 ἄρχοντα,
362 703 397 738 in
415 703 494 748 ipso
513 703 751 747 Magistratus
779 705 910 740 officio.
959 705 1057 740 Illud
1085 706 1260 751 primum:
1287 709 1397 751 atque
1422 705 1460 740 in
1486 716 1530 740 eo
1558 715 1648 739 saxo

178 759 357 792 versando
382 764 586 803 occupatur
605 759 799 794 AEschines
816 771 838 794 a
854 771 939 805 pag.
957 764 1039 796 368.
1058 761 1080 795 Ι.
1100 763 1154 796 15.
1171 779 1218 787 —
1233 761 1279 795 ad
1295 764 1378 797 377.
1395 763 1450 796 16.
1474 761 1648 806 Sequitur

176 812 265 855 (2⁴¹)
280 812 411 854 Causa,
427 814 524 858 quod
544 816 748 858 παρανόμως
776 816 886 849 etiam
916 815 954 849 in
979 815 1138 849 Decreto
1164 818 1336 860 rogasset,
1361 815 1488 849 donari
1512 815 1649 850 Demo-

178 866 343 901 sthenem
370 869 519 902 virtutis
543 879 628 912 ergo
645 869 683 902 in
699 869 869 912 Theano,
896 869 1082 913 Dionysiis
1108 871 1260 913 magnis,
1286 872 1363 904 tota
1385 870 1530 905 Graecia
1565 880 1649 914 spe-

177 924 313 963 etante,
329 933 440 966 quum
467 923 609 965 legibus
632 926 781 957 cautum
808 924 864 963 sit,
883 923 1045 957 Coronas
1073 933 1096 956 a
1110 924 1247 958 Senatu
1270 924 1435 959 decretas
1453 934 1525 960 non
1539 929 1647 959 extra

177 975 298 1009 locum
312 976 468 1010 Senatus
485 976 642 1010 habendi
657 989 666 1015 ;
692 988 712 1010 a
730 977 881 1021 Populo,
898 980 1000 1010 extra
1016 977 1252 1018 Conciouem,
1269 978 1411 1014 recitari
1429 979 1572 1024 publice
1588 989 1649 1014 ce·

179 1029 395 1075 lebni-ique.
446 1031 491 1065 Id
517 1031 730 1076 exsequitur
759 1043 780 1065 a
806 1042 888 1076 pag.
913 1034 1134 1066 377.16.-
1151 1032 1197 1066 ad
1220 1035 1377 1068 383.13.
1426 1034 1524 1069 Tota
1561 1045 1648 1080 quae

177 1085 352 1130 sequitur,
374 1089 411 1119 ct
427 1089 502 1119 erat
517 1087 609 1129 (3¹¹⁸)
627 1090 663 1120 et
689 1087 898 1129 gravissima
916 1086 1004 1120 Pars
1021 1086 1217 1128 Orationis,
1243 1087 1280 1121 in
1298 1086 1556 1123 Demosthenis
1572 1089 1648 1124 vita

175 1139 398 1180 insectanda,
416 1140 452 1174 in
470 1139 606 1174 meritis
633 1141 836 1185 studiisque
863 1140 898 1174 in
919 1140 1051 1185 Remp.
1077 1141 1342 1185 expendendis,
1365 1146 1576 1186 occupatur,
1593 1153 1645 1177 sc.

176 1195 228 1228 ὅτι
249 1197 289 1228 οὐ
305 1195 446 1228 διατελεῖ
462 1196 571 1240 λέγων
587 1198 640 1229 καὶ
666 1197 824 1239 πράττων
840 1198 883 1230 τὰ
903 1197 1025 1239 ἄριστα
1043 1199 1093 1239 τῷ
1111 1197 1220 1241 δήμῳ.
1269 1196 1367 1231 Nam
1382 1198 1419 1230 et
1434 1195 1472 1230 id
1489 1207 1647 1242 quoque,

178 1253 220 1283 ut
244 1250 430 1283 contendit
455 1251 527 1289 ille,
549 1253 583 1284 ἐκ
608 1256 676 1283 τῶν
701 1253 922 1294 παρ’»ανόμωη
939 1253 977 1284 et
992 1251 1038 1284 de
1055 1261 1129 1295 quo
1155 1251 1235 1295 lege
1261 1261 1367 1295 agere
1383 1251 1520 1297 liceret,
1537 1252 1568 1286 si
1583 1252 1647 1298 qui

179 1305 285 1339 falsas
302 1305 456 1339 rationes
472 1305 755 1349 adsignaverim,

611 1360 747 1398 Cupiunt
763 1365 793 1389 et
810 1360 841 1389 in
865 1367 933 1389 acta
949 1359 1070 1390 referri.

225 1416 321 1452 Haee
350 1418 461 1452 totius
487 1418 620 1452 Causa:
648 1429 791 1453 summa
819 1422 885 1454 cst.
935 1419 985 1455 Et
1011 1419 1114 1453 istius
1129 1418 1396 1454 distributionis
1416 1429 1554 1455 memor
1565 1420 1642 1465 jam

177 1472 293 1507 lector
317 1484 420 1507 meus
437 1473 480 1507 ad
497 1473 710 1508 Orationem
726 1474 882 1518 priorem
902 1474 1067 1510 accedet.
1117 1474 1268 1510 Scilicet
1283 1475 1320 1509 in
1337 1474 1456 1519 primo
1475 1476 1555 1510 loco
1571 1479 1649 1522 περὶ

177 1533 246 1562 τῶν
263 1534 474 1570 ΒΥΘὙΝΩΝ,
492 1529 536 1563 de
555 1529 784 1571 Rationibus,
809 1530 847 1564 in
872 1530 1035 1565 secundo
1063 1533 1139 1575 περὶ
1164 1535 1232 1565 τῶν
1257 1535 1575 1572 ΚΗΡΥΓΜΑΤΩΝ,
1601 1531 1648 1566 do

175 1583 257 1618 ioco
277 1584 525 1626 Recitationis,
543 1584 756 1619 AEschinem
775 1585 958 1620 dicentem
988 1588 1128 1620 attente
1152 1588 1191 1620 et
1215 1585 1343 1620 sedulo
1360 1585 1497 1620 audiat.
1546 1586 1645 1620 Nam

174 1638 233 1672 isti
245 1639 319 1673 duo
330 1639 428 1678 Loci,
440 1643 481 1673 ut
496 1643 625 1674 vocant
641 1640 831 1680 Rhetmes,
846 1641 994 1675 omnino
1005 1640 1161 1676 describi
1175 1643 1212 1675 et
1223 1640 1395 1685 distingui
1411 1642 1540 1675 solent.
1554 1641 1643 1676 vid.

175 1694 441 1739 Argum.Orat.
455 1694 642 1729 Demosth.
661 1696 706 1730 de
725 1695 856 1730 Coron.
867 1699 949 1730 224.
963 1708 984 1730 a
999 1696 1085 1731 med.
1102 1696 1160 1730 ed.
1176 1695 1305 1730 Reisk.
1338 1695 1399 1730 Ita
1414 1695 1541 1731 AEsch.
1557 1707 1642 1740 pag.

176 1752 259 1784 444.
283 1750 305 1784 Ι.
329 1753 380 1784 10.
399 1753 488 1794 Πρὸς
505 1754 565 1784 τὸν
581 1755 650 1784 τῶν
665 1751 728 1785 ῪΠ
738 1755 935 1785 ΕΥΘΥΝΩΝ
954 1753 1061 1796 νόμον
1087 1755 1235 1795 πρῶτον,
1252 1752 1306 1784 καὶ
1330 1754 1393 1785 τὸν
1417 1753 1492 1795 περὶ
1510 1755 1653 1784 ΚΗΡΥ-.

178 1809 361 1838 PMATQN
381 1805 545 1849 δεύτερον,
573 1808 687 1849 τρίτον
710 1806 754 1846 δὲ,
783 1809 821 1840 τὸ
847 1807 1020 1850 μέγιστον,
1044 1808 1089 1846 ὥς
1112 1806 1186 1839 οὐδὲ
1210 1807 1304 1845 ἄξιός
1326 1807 1397 1838 ἐστι
1422 1809 1485 1846 τῆς
1509 1806 1643 1850 δωρεᾶς.

177 1858 226 1892 Et
246 1859 432 1892 Demosth.
449 1859 476 1903 ξ.
490 1860 558 1901 λβ’.
605 1861 769 1904 Ἡγοῦμαι
785 1864 900 1895 τοίνυν
914 1864 1039 1894 λοιπὸν
1064 1858 1152 1893 εἶναί
1168 1873 1224 1904 pot
1248 1862 1322 1904 περὶ
1338 1863 1398 1894 τοῦ
1412 1865 1645 1895 ΚΗΡΥΓΜΛ-

177 1918 260 1947 ΤΟΣ
278 1915 384 1947 εἰπεῖν
400 1916 453 1946 καὶ
471 1918 538 1947 τῶν
558 1919 770 1948 ΕΥΘΥΝΩΝ.
823 1915 882 1949 Ita
906 1925 972 1948 nos
996 1914 1095 1948 scta
1120 1914 1319 1957 insigniora
1345 1915 1544 1959 aliquando
1568 1925 1644 1949 em-

177 1968 322 2012 phatice
340 1969 589 2008 describimus,
605 1979 638 2002 v.
658 1979 692 2012 g.
721 1972 761 2002 ut
778 1979 892 2013 quum
919 1969 1083 2003 dicamus
1106 1967 1188 2004 Bill
1202 1968 1440 2014 qu‘itatione,
1455 1969 1592 2004 Scamoe
1607 1969 1653 2016 qs

177 2022 411 2063 Limieaeiom,
428 2026 498 2056 etc.
547 2022 656 2063 Quod
682 2022 764 2056 ideo
781 2023 909 2057 sedulo
929 2023 1144 2067 praemonui,
1170 2024 1355 2068 quoniam,
1380 2034 1497 2069 quum
1522 2025 1641 2058 omnis

177 2078 224 2111 de
240 2077 380 2121 legibus
396 2077 623 2122 disceptatio,
642 2077 842 2121 praesertim
861 2077 954 2111 adeo
968 2078 1123 2111 vetustis
1140 2080 1179 2111 et
1194 2080 1304 2112 aetate
1319 2078 1399 2123 ipsa
1422 2089 1648 2113 marcescen-

175 2132 286 2173 tibus,
299 2131 466 2166 subtilior
479 2136 515 2167 et
529 2133 773 2176 confragosior
792 2143 871 2167 csse
896 2133 1022 2174 soleat,
1038 2133 1117 2168 tum
1134 2131 1340 2176 AEsohines,
1357 2134 1385 2167 si
1404 2144 1478 2179 qua
1495 2135 1531 2168 in
1549 2144 1593 2168 ca
1607 2145 1646 2169 re

177 2188 222 2222 sit
239 2188 434 2222 auctoritas
452 2187 717 2229 Demosthenis,
745 2189 951 2223 Adversarii
982 2188 1074 2233 ejus,
1100 2188 1189 2223 dum
1214 2189 1262 2223 de
1287 2189 1330 2223 iis
1345 2189 1566 2234 disputabat,
1584 2190 1648 2224 ob-

174 2242 386 2277 scuritatem
408 2243 591 2287 quandam
617 2242 802 2285 majorem.
829 2246 1064 2289 mentemque
1091 2243 1340 2288 difficiliorem,
1365 2245 1470 2280 malis
1495 2245 1646 2286 artibus.

176 2298 209 2332 ei
228 2300 440 2340 argumento
464 2297 648 2339 infuderit,
681 2300 714 2332 ἐκ
737 2300 907 2340 παλαιῶν,
934 2301 976 2332 ut
1001 2299 1052 2332 ait
1078 2298 1164 2340 Ille,
1185 2301 1321 2344 χρόνων
1345 2303 1400 2334 καὶ
1422 2301 1646 2345 ψηφισμάτων

177 2355 319 2386 πολλῶν
343 2353 486 2392 ἐκλέξας,
502 2356 524 2386 ἃ
540 2355 622 2397 pirre
642 2354 778 2398 προᾴὸει
795 2354 918 2397 μηδεὶς,
934 2354 1012 2398 μήτ’
1031 2356 1077 2388 ἂν
1099 2353 1197 2398 ᾠήθη
1222 2356 1366 2400 τήμερον
1389 2356 1551 2400 ῥηθῆναι,
1576 2357 1645 2390 δια·

177 2409 320 2451 βάλλων
344 2410 397 2440 καὶ
422 2409 628 2451 μετενεγκὼν
645 2411 723 2447 τοὺς
740 2411 894 2452 χρόνους,
911 2412 965 2444 καὶ
983 2409 1162 2455 προφάσεις
1178 2410 1258 2443 ἀντὶ
1273 2414 1342 2444 τῶν
1358 2411 1500 2451 ἀληθῶν
1515 2412 1645 2453 ψευδεῖς

176 2464 333 2507 μεταθεὶς
355 2466 425 2502 τοῖς
450 2463 723 2506 πεπραγμένοιςῖ
755 2462 1022 2498 Demosthenes
1045 2464 1074 2508 ξ.
1092 2464 1155 2501 ἔτ’.
1187 2463 1404 2509 Rursusque
1427 2465 1454 2510 §.
1473 2466 1539 2510 λγ’.
1570 2470 1644 2498 Τῶν

175 2521 238 2563 μὲν
254 2519 378 2561 λόγων,
402 2521 460 2557 οὓς
481 2514 580 2556 οὗτος
604 2520 674 2550 ᾶνω
699 2520 753 2550 καὶ
778 2520 866 2552 κάτω
892 2519 1056 2553 διακυκῶν
1073 2521 1164 2564 ἔλεγε
1182 2521 1255 2563 περὶ
1281 2523 1350 2554 τῶν
1365 2520 1645 2564 παραγιγραμμᾶ-

176 2587 248 2607 νυν
265 2575 389 2617 νόμων,
412 2574 483 2605 οὔτε
502 2575 547 2616 μὰ
566 2575 643 2612 τούς
669 2575 767 2613 θεοὺς
791 2572 885 2618 offam
912 2575 997 2624 ὑμᾶς
1024 2575 1226 2619 μανθάνειν,
1254 2575 1322 2608 οὔτ’
1338 2576 1440 2613 αὐτὸς
1467 2575 1644 2618 ἠδυνάμην

176 2631 328 2662 συνεῖναι
352 2627 426 2670 (vel
452 2627 617 2670 συνιέναι)
639 2631 718 2668 τοὺς
742 2630 903 2669 πολλούς.
965 2628 1076 2663 Unde
1104 2629 1225 2662 minus
1251 2628 1371 2663 mirari
1400 2628 1508 2667 sulcu.
1537 2628 1642 2662 doleo

177 2687 300 2717 tamen
327 2682 535 2725 soepissinw,
561 2683 743 2716 studiosos
770 2683 975 2725 nonnullos,
1006 2682 1139 2727 inipso
1156 2682 1417 2722 adithausae,
1442 2681 1579 2725 ingrata
1605 2686 1643 2715 et

176 2738 278 2782 quasi
296 2737 489 2771 horridiore
506 2738 677 2777 oratione,
696 2741 736 2771 nt
752 2738 961 2772 existimare
978 2739 1106 2780 solent,
1123 2738 1312 2772 deterritos
1331 2740 1439 2780 atque
1456 2737 1644 2770 exanima-

176 2796 244 2834 tos,
262 2788 306 2825 ad
324 2802 502 2826 sumniam
521 2794 557 2825 et
576 2790 783 2834 maximam,
800 2803 885 2838 qnae
915 2803 1078 2838 unquam
1104 2792 1248 2831 enituit,
1267 2791 1524 2833 Eloquentiam
1551 2801 1642 2824 nun·

177 2857 287 2891 qnam
306 2850 492 2891 penetrare
509 2851 571 2879 ant
588 2847 776 2891 pervenire
794 2849 966 2892 potuisse.
1016 2847 1155 2881 Verum
1172 2851 1209 2880 ct
1227 2846 1305 2879 haec
1321 2855 1403 2878 moa
1416 2845 1641 2889 praemonita,

178 2905 217 2934 et
232 2912 328 2945 qnae.
346 2902 432 2935 dum
459 2901 540 2945 ipsa
567 2906 831 2946 pertractantur
854 2906 1079 2947 argumenta,
1107 2902 1268 2935 dicturus
1292 2910 1364 2943 ero,
1392 2910 1473 2934 eam
1497 2910 1641 2934 omnem

179 2956 390 2995 molestiam,
417 2957 446 2990 si
471 2967 543 2992 uon
570 2966 717 3003 prorsus
745 2958 880 3001 tollere,
906 2961 943 2993 at
967 2959 1086 2993 levare
1106 2958 1228 3002 aliqua
1241 2965 1290 2991 ex
1307 2957 1411 3002 parto
1427 2959 1465 2990 ct
1480 2965 1642 2990 recreare

177 3020 282 3056 posse
299 3020 412 3053 spero.

223 3076 280 3095 Vol
296 3090 298 3093 .
320 3076 357 3095 tl.
961 3076 980 3097 C
