2912 4368
1068 780 1557 825 PROLEGOMENA.
1943 767 2054 821 387

572 892 832 933 Athenienses
855 905 927 930 nec
958 903 1103 941 corpus
1124 890 1255 941 legum
1277 902 1433 928 suarum
1468 888 1544 926 ulla
1573 893 1684 939 parte
1705 894 1849 927 temere
1871 887 2053 933 mutilari,

566 969 641 996 nec
661 957 793 1008 plures
814 954 863 994 de
884 966 960 993 una
975 953 1195 1003 eademque
1213 966 1254 991 re
1274 953 1381 1004 leges
1400 952 1540 997 inesse,
1556 964 1646 1002 quae
1669 951 1862 989 sententia
1879 951 2049 989 dissonae

565 1026 696 1059 essent
716 1019 776 1056 vel
796 1018 896 1055 inter
925 1030 966 1054 se
989 1016 1212 1055 contrariae.
1272 1016 1332 1054 Ita
1352 1015 1453 1053 enim
1476 1014 1613 1066 vulgus
1636 1013 1738 1065 juris
1759 1014 1934 1064 ignarum
1956 1026 2051 1052 con-

564 1081 728 1128 turbari,
756 1086 793 1119 et
820 1079 957 1118 rudem
985 1079 1249 1118 innocentiam
1278 1092 1299 1117 a
1329 1077 1582 1130 peritioribus
1611 1076 1885 1116 circumveniri
1912 1082 1951 1114 et
1976 1090 2051 1127 op-

564 1145 693 1197 primi,
719 1156 848 1194 neque
879 1143 1008 1195 ipsum
1030 1142 1211 1193 judicem
1240 1154 1393 1180 servare
1425 1154 1541 1192 posse
1569 1139 1864 1190 jusjurandum,
1892 1152 1939 1177 ex
1969 1151 2051 1188 quo

564 1206 798 1246 sententiam
820 1204 919 1245 ferre
951 1206 999 1244 ad
1028 1205 1262 1256 praescripta
1290 1206 1421 1256 legum
1451 1204 1638 1248 deberet3
1667 1202 1849 1240 omnibus
1879 1200 2051 1239 oblatam

564 1270 680 1322 plana
703 1270 796 1320 jura
816 1269 995 1308 discendi
1015 1268 1243 1307 facultatem
1267 1270 1384 1306 unice
1406 1266 1614 1305 convenire
1637 1265 1836 1303 libertati.>'
1896 1264 1943 1301 In
1969 1275 2051 1313 quo

566 1333 690 1371 multo
709 1332 763 1370 illi
784 1332 897 1371 aliter
915 1330 1109 1381 fecerunt,
1132 1343 1253 1382 quam
1284 1329 1462 1375 Romani,
1486 1328 1629 1367 callide
1652 1326 1851 1379 impeditis
1874 1324 2051 1364 formulis

563 1402 604 1434 et
633 1394 786 1446 laqueis
817 1394 889 1440 usi,
920 1408 999 1445 quo
1029 1393 1226 1432 diffieilior
1253 1393 1356 1443 juris
1392 1392 1555 1431 scientia
1589 1389 1712 1428 fieret.
1772 1390 2054 1427 Verumtamen

566 1471 687 1509 quum
709 1458 817 1496 nullo
839 1464 956 1509 pacto
986 1458 1079 1496 satis
1109 1457 1235 1495 caveri
1268 1462 1403 1508 posset
1425 1454 1605 1498 Athenis,
1630 1467 1676 1491 ne
1700 1453 1803 1503 leges
1836 1452 2054 1501 irreperent

566 1523 798 1573 παρανόμως
820 1520 1005 1571 scriptae3
1036 1533 1319 1569 nonnunquam
1341 1519 1431 1556 viris
1454 1524 1565 1555 extra
1588 1516 1764 1553 ordinem
1794 1514 1958 1552 delectis
1988 1527 2055 1551 ne-

565 1584 712 1635 gotium
734 1583 867 1622 datum
889 1589 948 1620 est
978 1581 1289 1633 recognoscendi
1309 1595 1459 1626 omnes,
1481 1586 1518 1617 et
1541 1578 1757 1617 contrarias
1780 1578 1879 1615 inter
1904 1591 1944 1615 se
1966 1575 2054 1614 seli-

566 1646 714 1699 gendi.z
771 1646 821 1683 Et
841 1645 916 1683 alia
935 1645 1154 1695 recognitio
1175 1645 1304 1696 legum
1327 1655 1456 1682 annua
1472 1642 1560 1688 fuit,
1579 1641 1626 1679 de
1644 1653 1719 1692 qua
1736 1641 1867 1691 paullo
1889 1646 1979 1690 post
1996 1638 2055 1677 di-

566 1709 682 1748 cendi
698 1709 808 1746 locus
831 1708 917 1746 erit.

620 1772 713 1810 Non
731 1778 861 1809 autem
883 1772 913 1809 is
935 1771 1059 1808 solum
1079 1774 1281 1820 παράνομα
1302 1782 1456 1818 rogasse
1474 1767 1730 1819 arguebatur,
1751 1766 1817 1817 qui
1839 1767 1963 1816 legem
1978 1764 2054 1815 legi

567 1836 702 1880 veteri,
722 1833 890 1872 necdum
910 1833 1091 1878 sublatae,
1115 1838 1401 1883 repugnantem
1428 1831 1583 1877 tulerat,
1607 1830 1672 1868 sed
1697 1830 1813 1868 etiam
1836 1830 1880 1874 is,
1905 1827 1973 1879 qui
1996 1827 2056 1865 vel

568 1895 606 1934 in
628 1901 739 1947 parte
760 1902 828 1933 aut
850 1896 979 1946 capite
1008 1907 1119 1932 novae
1141 1894 1238 1945 legis
1262 1894 1480 1944 quidquam
1516 1899 1701 1943 posuerat
1726 1898 1860 1930 contra
1883 1905 1940 1937 ea,
1963 1903 2053 1941 quae

566 1964 739 1997 veterem
775 1958 1052 1997 auctoritatem
1086 1958 1307 1997 haberentf
1366 1958 1449 1995 Nee
1490 1957 1616 1994 minus
1652 1957 1803 1994 curiose
1841 1955 2055 1993 videndum

567 2027 652 2060 erat
673 2021 858 2071 rogatori,
878 2035 925 2059 ne
947 2020 1039 2072 quid
1064 2020 1209 2071 proprii
1233 2021 1291 2058 sui
1312 2033 1578 2070 paucorumve
1602 2018 1802 2056 commodi
1825 2031 1963 2056 caussa
1984 2030 2055 2068 po-

569 2090 694 2128 neret,
720 2096 768 2121 ne
797 2083 892 2134 quid
925 2096 995 2134 per
1024 2096 1063 2119 se
1086 2083 1289 2133 injustum,
1313 2082 1498 2132 Reipubl.
1523 2082 1766 2126 indecorum,
1790 2081 1949 2119 utilitati
1972 2080 2057 2130 ejus

569 2145 755 2192 alienum,
778 2159 825 2184 ne
850 2146 944 2196 quid
977 2145 1136 2184 omnino
1167 2145 1383 2184 accusandi
1415 2158 1549 2182 ansam
1581 2145 1781 2182 malevolis
1806 2144 2056 2188 liabiturun1;

569 2208 743 2259 denique
774 2222 822 2247 ne
855 2208 952 2258 quid
984 2214 1170 2258 peccaret
1200 2208 1238 2245 in
1271 2214 1460 2258 tempore,
1484 2207 1594 2254 locis,
1623 2214 1707 2246 toto
1738 2207 1873 2246 ordine
1902 2207 2058 2258 agendi.

569 2271 673 2309 Nam
707 2271 910 2309 habebant
940 2271 1026 2308 liaec
1056 2271 1187 2309 onmia
1207 2270 1409 2309 cautiones
1432 2283 1534 2316 suas,
1556 2277 1746 2321 erantque
1768 2271 1942 2321 antiquis
1963 2271 2058 2321 legi-

570 2333 644 2371 bus
676 2334 839 2372 sancita.
898 2333 983 2372 Nec
1006 2333 1162 2384 injuria.
1220 2334 1428 2371 Certarum
1451 2333 1552 2371 enim
1585 2334 1622 2370 in
1645 2333 1712 2370 tali
1736 2347 1775 2371 re
1798 2332 2056 2371 formularum

570 2409 662 2435 usus
692 2409 739 2433 eo
766 2396 896 2433 valere
927 2396 1039 2441 solet,
1063 2402 1104 2434 ut
1126 2395 1321 2446 Populum
1354 2396 1537 2433 tutiorem
1568 2409 1590 2433 a
1611 2395 1818 2433 fraudibus
1839 2403 1877 2433 et
1907 2396 2056 2434 insidiis

569 2465 775 2510 praestent,
799 2464 837 2496 et
858 2458 1119 2497 temeritatem
1141 2464 1316 2497 arceant.
1374 2458 1514 2508 Itaque
1537 2458 1601 2496 hic
1629 2458 1726 2496 ordo
1758 2459 1811 2496 rei
1836 2458 2057 2508 praefinitus

571 2519 686 2561 erat.¹'
742 2521 783 2559 Si
815 2521 903 2571 quis
923 2521 1066 2559 civium
1097 2520 1192 2572 legis
1215 2520 1423 2559 formulam
1444 2521 1549 2558 domi
1573 2527 1824 2571 conceperat,
1846 2521 1971 2571 primo
1992 2521 2060 2559 de-

571 2586 694 2623 bebat
713 2597 796 2622 eam
822 2584 860 2621 in
878 2583 971 2622 albo
994 2584 1182 2635 scriptam
1200 2597 1271 2635 per
1286 2583 1450 2634 aliquod
1469 2589 1624 2633 tempus
1643 2583 1801 2634 publice
1819 2596 2058 2635 proponere,

571 2655 700 2687 vetere
716 2648 793 2694 illa,
810 2660 928 2698 quam
950 2648 1180 2698 abrogabat,
1203 2646 1373 2696 adjecta,
1392 2653 1434 2684 ut
1450 2647 1633 2684 omnibus
1651 2647 1767 2697 copia
1785 2647 1896 2685 fieret
1913 2646 2058 2698 saepius

573 2710 729 2762 legendi
771 2717 990 2761 utramque,
1027 2709 1276 2747 consultandi
1316 2722 1405 2747 cum
1441 2709 1589 2753 amicis,
1624 2709 1929 2759 judicandique,
1972 2715 2060 2748 utra

571 2773 684 2812 alteri
719 2772 970 2824 praeferenda
1004 2779 1120 2810 esset.
1180 2773 1309 2811 Locus
1344 2771 1621 2822 promulgandi
1659 2778 1743 2809 erat
1781 2778 1872 2809 ante
1911 2778 2058 2810 statuas

574 2836 901 2889 Eponymorum.c
958 2835 1146 2873 Secundo
1166 2835 1265 2886 legis
1293 2834 1475 2873 recitatio
1509 2835 1628 2873 semel
1666 2835 1887 2886 iterumque
1923 2835 1961 2872 in
1994 2849 2059 2873 ec-

620 2947 920 2987 5Vid.01at.§1u2.
944 2947 1170 2978 Timocrateam
1194 2947 1299 2988 singu·
1335 2948 1528 2987 συνεξγοῦντες
1558 2947 1620 2977 τισὶ
1649 2949 1704 2977 τῶν
1729 2948 1841 2989 ρητόρων
1876 2948 2061 2987 λυμαίνονται

1335 2992 1384 3020 τὴν
1415 2989 1580 3021 «πολιτείαν.
1640 2992 1681 3021 At
1713 3003 1771 3022 non
1802 2991 1903 3021 minus
1936 3002 1971 3021 ex
2002 2992 2057 3020 hac

575 2993 615 3024 lis
629 2993 660 3023 in
677 2992 755 3022 loeis
773 2992 870 3022 citare
887 2990 961 3020 nihil
982 3002 1060 3031 opus
1079 2997 1136 3021 est.

620 3038 692 3066 zne
710 3035 763 3065 tali
789 3034 1004 3073 recognitione
1030 3036 1150 3075 accipio
1176 3035 1262 3065 Orat.
1277 3041 1299 3074 ᾗ.

576 3079 613 3110 κ’.
630 3080 666 3110 ad
682 3079 743 3114 lin„
765 3088 938 3117 quanquam
957 3089 1007 3108 res
1032 3076 1092 3109 alio
1110 3084 1188 3109 teste
1204 3084 1300 3109 caret.

580 3125 649 3154 Nec
667 3124 733 3162 ipse
751 3123 800 3151 liic
818 3122 904 3151 locus
929 3123 1152 3152 Demosthenis
1168 3124 1206 3152 ab
1219 3122 1301 3152 omni

579 3172 667 3207 parte
694 3165 798 3196 clarus
828 3170 886 3194 est.
944 3166 987 3195 Ut
1018 3166 1094 3195 nihil
1133 3166 1236 3196 dicam
1261 3166 1301 3195 de

579 3210 688 3247 verbo,
700 3210 897 3250 χειςοτοιιεῖτε,
915 3209 998 3247 quud
1015 3210 1044 3239 in
1058 3210 1231 3239 Comment.
1249 3219 1302 3239 no-

579 3253 669 3290 tavi3
693 3253 770 3292 quid
787 3253 840 3282 illa
854 3252 913 3281 sibi
940 3253 1066 3282 volunt:
1092 3251 1148 3282 {w}
1168 3254 1303 3292 πάμπο-

580 3302 629 3327 λυν
645 3296 691 3326 ἤδη
704 3296 815 3337 xpm?
842 3297 889 3325 An
906 3296 972 3325 brec
998 3296 1154 3325 trahamus
1172 3298 1210 3326 ad
1227 3302 1304 3326 tem-

581 3351 653 3380 puS,
680 3339 931 3378 recognitoribns
965 3339 1003 3369 ad
1044 3340 1207 3378 gerendam
1240 3351 1302 3369 rem

582 3384 793 3413 concessum?
847 3382 965 3412 Abnuit
992 3383 1112 3422 adjecta
1142 3383 1305 3422 particula,

583 3427 644 3459 ἤδη.
693 3428 731 3456 Et
749 3431 854 3455 notum
875 3432 934 3460 est,
960 3427 1119 3456 formulam
1146 3425 1194 3456 ἐπὶ
1212 3428 1307 3456 ωιλὶν

581 3470 676 3512 χςένον
693 3469 806 3507 saepius
832 3470 912 3508 apud
929 3470 1049 3499 Atticos
1067 3480 1146 3504 esse,
1172 3480 1225 3509 pm·
1243 3471 1307 3499 lon-

581 3525 654 3554 gum
684 3518 809 3550 tempus,
839 3518 870 3542 et
897 3511 952 3542 ἒωῐ
977 3513 1079 3554 xpi-mv,
1107 3514 1307 3553 aliquamdiu.

586 3559 635 3587 Ita
652 3555 793 3586 AEschin.
812 3555 842 3584 in
865 3556 1005 3595 ctesiph.
1033 3558 1059 3597 ξ.
1075 3555 1112 3594 γ’,
1129 3557 1169 3586 dc
1193 3558 1309 3586 Strate-

588 3602 636 3641 gis
653 3599 813 3640 queritur:
840 3600 860 3629 <i
888 3598 1082 3630 571*inth
1105 3600 1163 3630 ἤδη
1188 3600 1310 3641 χξίνον

1336 3033 1458 3064 ratione
1476 3036 1695 3074 verbajunges
1714 3046 1782 3065 cum
1796 3035 1973 3075 participio,
1999 3034 2058 3063 δια-

1337 3077 1483 3116 λέξοντας.

1381 3126 1395 3141 ³
1412 3122 1484 3152 Hoc
1509 3122 1539 3152 in
1569 3126 1691 3162 promtu
1720 3126 1768 3151 est
1795 3132 1834 3151 ex
1854 3122 1940 3150 Orat.
1967 3120 1991 3160 ς.
2010 3121 2057 3150 κά.

1339 3173 1409 3198 ante
1425 3166 1506 3196 med.

1383 3211 1397 3232 b
1416 3210 1439 3238 V
1448 3209 1490 3239 id.
1504 3210 1528 3250 ξ.
1547 3210 1595 3239 κά.
1612 3214 1643 3239 et
1660 3208 1701 3237 ibi
1719 3208 1831 3247 passim
1847 3207 1950 3237 schol.

1384 3260 1396 3275 c
1412 3254 1571 3283 Vocantur
1582 3253 1626 3282 sic
1646 3252 1832 3289 simpliciter
1844 3251 1967 3285 heroes,
1978 3251 2060 3280 unde

1340 3298 1447 3327 decem
1464 3296 1575 3332 tribus,
1599 3308 1615 3325 a
1632 3296 1789 3325 Clistlicne
1822 3294 1982 3329 instituta‘,
2006 3304 2059 3323 no-

1341 3341 1422 3371 mina
1460 3344 1658 3379 acceperunt,
1692 3339 1804 3377 quibus
1831 3343 1940 3367 statute
1975 3342 2061 3367 erant

1342 3384 1456 3424 positze
1484 3394 1580 3422 prope
1610 3382 1725 3411 curiam
1753 3382 1999 3420 Quingentorum
2031 3386 2061 3410 ct

1343 3428 1472 3459 tholum,
1492 3427 1521 3455 in
1552 3426 1710 3455 Ceramico
1736 3426 1854 3454 urbico.
1901 3426 1963 3454 Eos
1988 3435 2063 3454 enu-

1344 3475 1439 3499 merat
1471 3470 1599 3498 Pansam.
1635 3470 1658 3497 Ι.
1685 3471 1715 3497 ἶ).
1763 3469 1851 3497 conf.
1878 3469 2002 3507 Ulpian.
2022 3469 2061 3498 ad

1343 3514 1512 3542 Timocrat.
1538 3513 1562 3546 S.
1579 3512 1615 3550 γ’.
1639 3512 1676 3540 ad
1697 3522 1747 3541 vv,
1776 3511 1821 3540 τέν
1838 3513 1866 3542 δὴ
1884 3512 1920 3546 εἰς
1943 3524 1970 3541 κ.
1987 3524 2017 3541 τ.
2032 3519 2063 3541 λ.

1346 3558 1429 3585 etad
1452 3561 1583 3585 nostram
1601 3563 1625 3595 ς.
1643 3556 1689 3584 κά.
1704 3555 1731 3584 in
1750 3556 1815 3585 init.
1841 3561 1870 3584 ct
1897 3556 2064 3595 scriptores

1346 3611 1396 3640 ap.
1417 3601 1537 3631 Meurs.
1558 3602 1621 3631 Au.
1648 3600 1746 3629 Lerlt.
1781 3600 1816 3629 V.
1844 3604 1873 3630 ὃ.
1890 3610 1924 3630 ac
1942 3600 2063 3629 cmm-in.
