1928 3284
769 387 809 434 Ι.
857 385 1243 434 TAYLORI

983 513 1030 534 AD

360 596 910 653 ORATIONEM
985 583 1657 650 DEM'OSTHENIS

817 740 898 774 DE
935 738 1201 773 CORONA

725 856 1292 908 PRAEFATIO.

325 994 456 1028 Utrum
478 994 556 1028 haec
573 993 830 1027 Demosthenis
847 991 1007 1025 defensio
1022 990 1119 1035 ’Υπὲρ
1136 996 1388 1035 Κτησιφῶντος,
1400 1001 1444 1024 an
1461 992 1541 1036 Περὶ
1558 991 1739 1034 Στεφάνου,

282 1060 327 1082 an
342 1056 535 1094 unumque,
551 1052 648 1082 recte
664 1047 810 1081 inscribi
827 1047 970 1087 debeat,
988 1046 1122 1089 ambigi
1141 1046 1258 1079 video.
1288 1047 1321 1079 A
1340 1046 1522 1079 nonnullis
1535 1045 1644 1085 enim,
1660 1044 1739 1078 scil.

280 1104 455 1147 Dionysio
484 1104 605 1137 Halic.
632 1103 802 1147 Ulpiano,
827 1101 1127 1146 Harpocratione,
1155 1100 1277 1141 Suida,
1303 1103 1371 1136 etc.
1396 1101 1563 1134 omnibus
1588 1100 1660 1133 fere
1684 1099 1740 1132 his

279 1158 396 1191 modis
411 1159 553 1198 citatur,
570 1161 611 1191 ut
628 1158 729 1191 citari
747 1159 876 1201 potest.
922 1155 1069 1190 Titulus
1096 1159 1218 1189 tamen
1241 1166 1304 1199 pro
1322 1155 1558 1199 Ctesiphonte
1574 1154 1742 1188 usitatior

278 1216 345 1255 est,
369 1215 406 1246 et
421 1212 725 1246 accommodatior
740 1212 825 1253 fere,
842 1221 914 1256 quo
933 1214 1040 1255 pacto
1066 1209 1217 1244 laudant
1234 1210 1373 1252 Cicero,
1391 1209 1650 1251 Quintilianus,
1665 1208 1741 1243 Pli-

278 1267 371 1306 nius,
386 1267 529 1310 aliique.

324 1321 449 1354 Multa
471 1321 580 1354 habet
603 1319 759 1364 optimus
788 1320 847 1353 ille
871 1318 1034 1362 scriptor,
1059 1318 1256 1361 Dionysius
1282 1317 1626 1360 Halicarnassensis,
1654 1327 1739 1362 quae

276 1376 389 1409 lector
403 1374 540 1408 utiliter
556 1375 726 1415 conferet,
742 1374 779 1406 in
796 1373 864 1406 hac
881 1373 1043 1406 oratione
1059 1371 1226 1414 legenda.
1274 1371 1422 1405 Multus
1446 1372 1574 1415 utique
1599 1373 1654 1405 est
1676 1371 1738 1405 ille

276 1430 316 1463 in
330 1430 495 1473 epistola,
506 1439 591 1473 quae
609 1428 655 1461 ad
672 1429 881 1461 Ammaeum
899 1426 1074 1465 scribitur,
1092 1428 1132 1458 ut
1149 1425 1287 1469 probet,
1303 1425 1588 1458 Demosthenem
1604 1435 1676 1458 uon
1693 1425 1739 1459 ab

278 1484 485 1526 Aristotele,
507 1492 634 1516 rerum
660 1482 818 1515 vicissim
836 1481 932 1514 hunc
956 1480 1000 1512 ab
1026 1479 1100 1518 illo,
1122 1482 1308 1523 praecepta
1325 1482 1362 1511 et
1378 1478 1528 1511 artificia
1545 1477 1741 1512 Rhetorica

277 1542 406 1573 mutuo
421 1538 600 1572 sumsisse.
649 1536 744 1570 Vide
760 1534 987 1580 potissimum
1004 1534 1113 1567 istum
1130 1534 1367 1568 tractatulum
1385 1536 1594 1576 exeuntem,
1610 1532 1673 1566 ubi
1690 1532 1739 1566 le-

274 1594 401 1639 gitima
417 1593 520 1638 quasi
544 1592 817 1625 nomenclatura
841 1590 1039 1634 appellatur
1057 1589 1136 1623 haec
1161 1589 1286 1628 oratio,
1300 1589 1339 1621 ‘H
1359 1591 1444 1633 πρὸς
1463 1588 1630 1631 Αἰσχίνην
1652 1589 1737 1632 ὑπὲρ

278 1655 538 1694 Κτησιφῶντοςε
554 1652 590 1682 et
604 1648 806 1681 ostenditur
819 1647 940 1686 etiam,
957 1656 1037 1679 eam
1055 1644 1099 1678 ab
1117 1644 1310 1678 Aristotele
1321 1644 1358 1677 in
1376 1642 1576 1677 Rhetoricis
1588 1642 1741 1677 laudari.

280 1706 374 1747 Quae
393 1716 476 1738 cum
490 1704 616 1738 ultima
633 1703 706 1736 fere
726 1702 832 1735 fuerit
847 1712 894 1735 ex
912 1699 1214 1740 DemostheniciS,
1231 1700 1316 1733 satis
1333 1709 1419 1732 sane
1441 1700 1594 1741 constat,
1611 1707 1740 1742 parum

278 1761 563 1794 Demosthenem
581 1769 628 1792 ex
645 1759 735 1792 Arte
747 1756 954 1791 Aristotelis
969 1756 1141 1800 proficere
1157 1755 1331 1799 potuisse.
1702 1764 1706 1765 ⁷

326 1815 506 1849 Nimirum
525 1814 676 1857 scriptor
693 1813 751 1846 ille
769 1811 868 1855 felix,
886 1821 1009 1854 sagax,
1026 1810 1187 1844 eruditus
1205 1812 1313 1853 atque
1330 1809 1493 1842 curiosus
1508 1806 1742 1852 (Dionysium

278 1870 376 1913 volo)
394 1880 464 1902 non
478 1869 593 1902 solum
607 1867 847 1901 Demostheni
864 1866 1018 1899 multum
1036 1865 1137 1898 affert
1151 1864 1243 1897 lucis
1261 1866 1370 1908 atque
1388 1861 1600 1905 adjumenti,
1616 1871 1743 1895 verum

279 1923 422 1958 caeteris
435 1923 541 1957 etiam
557 1922 758 1956 oratoribus
775 1920 925 1962 Graecis,
943 1930 964 1953 a
977 1919 1108 1964 quibus
1126 1917 1290 1952 similiter
1303 1917 1517 1952 Aristoteles
1529 1917 1588 1960 (ut
1602 1917 1679 1961 ipse
1691 1916 1743 1950 ait

279 1980 316 2013 in
332 1979 411 2012 loco
424 1978 584 2022 proxime
598 1988 618 2011 a
628 1987 686 2010 me
699 1975 861 2019 laudato)
875 1977 987 2009 artem
1004 1984 1107 2009 suam
1122 1976 1158 2007 et
1171 1972 1435 2017 praeceptiones
1452 1971 1636 2012 derivavit,
1652 1981 1743 2015 quo-

279 2044 432 2078 rumque
446 2043 494 2066 ex
507 2031 663 2075 imagine
677 2031 815 2064 futuros
824 2039 1072 2075 quoscumque
1086 2029 1244 2061 oratores
1256 2027 1302 2060 ad
1315 2026 1461 2059 laudem
1472 2025 1620 2067 effinxit,
1630 2027 1740 2070 atque

282 2087 459 2132 expressit
483 2087 529 2120 ad
550 2085 813 2120 excellendum.
861 2084 1000 2118 Verum
1017 2083 1164 2117 fortasse
1181 2080 1438 2116 Demosthenis
1453 2080 1562 2124 paulo
1587 2079 1647 2114 ille
1666 2082 1742 2114 stu-

282 2142 427 2184 diosior,
448 2142 554 2186 eique
571 2140 759 2181 addictior,
777 2149 886 2184 quam
911 2149 976 2183 par
1000 2141 1090 2180 erat,
1106 2136 1340 2171 inclementer
1356 2145 1440 2168 cum
1457 2134 1630 2168 AEschine
1647 2134 1743 2178 agit;

282 2208 391 2241 quem
406 2196 517 2230 verba
532 2195 692 2229 fastuosa
712 2197 749 2229 et
771 2195 924 2228 ridicula
946 2192 1185 2227 Demostheni
1202 2190 1483 2235 exprobrantem
1498 2188 1742 2233 reprehendit,

282 2252 453 2296 quoniam
467 2262 510 2284 ea
522 2251 631 2284 verba
641 2249 767 2284 sedulo
780 2251 817 2283 et
829 2259 913 2282 cum
924 2259 1023 2289 cura,
1032 2248 1070 2281 in
1082 2245 1242 2291 reliquiis
1252 2244 1519 2287 Demosthenis,
1529 2243 1574 2277 ab
1589 2253 1631 2277 eo
1642 2254 1744 2288 quae-

283 2307 362 2347 sita,
384 2305 530 2350 reperiri
554 2315 626 2339 non
653 2305 863 2349 potuissent.
914 2302 1029 2345 Quasi
1047 2312 1194 2336 necesse
1211 2301 1348 2341 fuisset,
1365 2302 1408 2332 ut
1424 2301 1487 2332 aut
1500 2297 1632 2340 omnia,
1654 2308 1740 2343 quae

283 2372 439 2405 magnus
470 2362 529 2395 ille
561 2363 679 2395 orator
704 2361 741 2394 in
769 2359 1003 2394 concionibus
1032 2358 1176 2400 dixerit,
1203 2356 1314 2391 literis
1341 2355 1648 2398 consignarentur,
1676 2357 1741 2389 aut

283 2416 416 2458 omnia,
431 2426 514 2460 quae
531 2415 846 2458 consignabantur,
864 2414 909 2447 ad
927 2415 1074 2447 aetatem
1092 2411 1255 2455 Dionysii
1275 2410 1512 2454 pervenirent.
1561 2408 1740 2443 Exscribo

283 2472 417 2513 tamen,
434 2481 517 2514 quae
535 2470 580 2503 de
597 2470 664 2503 hac
681 2480 718 2503 re
734 2469 877 2513 reliquit
893 2468 1102 2512 Dionysius,
1121 2477 1205 2501 cum
1222 2465 1268 2500 ob
1286 2466 1368 2507 alia,
1387 2467 1463 2498 tum
1481 2464 1567 2508 quia
1583 2464 1629 2498 ad
1645 2463 1740 2499 hanc

285 2535 434 2558 causam
460 2527 569 2569 atque
596 2524 641 2569 ad
663 2524 755 2558 hanc
778 2523 959 2558 AEschinis
984 2521 1264 2564 accusationem,
1280 2520 1496 2565 pertineant.
1543 2518 1603 2552 Ita
1617 2519 1677 2552 ille
1694 2519 1740 2553 ad

284 2580 390 2613 finem
408 2582 482 2624 περὶ
494 2583 555 2619 τῆς
567 2581 719 2619 λεκτικῆς
736 2579 970 2623 Δημοσθένους
986 2578 1188 2618 δεινότητος.
1215 2575 1299 2609 Scil.
1323 2577 1367 2608 Τὸ
1385 2575 1416 2607 δὲ
1431 2574 1566 2618 φάσκειν
1578 2577 1741 2618 φορτικοῖς

285 2637 338 2666 καὶ
352 2634 466 2675 ἀηδέσι
491 2638 561 2673 τοῖς
584 2636 747 2677 ὀνόμασιν
771 2636 876 2667 αὐτὸν
902 2628 1222 2678 [Demosthenem]
1247 2631 1443 2674 κεχρῆσθαι,
1462 2630 1570 2662 πόθεν
1588 2630 1740 2668 ἐπῆλθεν

287 2691 379 2731 αὐτῷ
396 2690 516 2731 λέγειν,
532 2691 616 2734 ὑπὲρ
642 2690 757 2722 πάντα
773 2689 875 2732 ἔγωγε
894 2688 1100 2731 τεθαύμακα.
1126 2686 1222 2719 οὐδὲν
1247 2686 1312 2728 γὰρ
1339 2685 1472 2728 εὑρίσκω
1497 2682 1625 2716 τούτων
1647 2685 1741 2726 παρὰ

286 2746 487 2787 Δημοσθένει
511 2747 671 2789 κείμενον,
695 2744 743 2777 ὦν
769 2743 929 2788 εἰρηκέναι
946 2745 1046 2786 φησὶν
1063 2744 1168 2775 αὐτὸν
1186 2741 1362 2783 Αἰσχίνης,
1377 2736 1459 2778 οἷον,
1474 2738 1526 2771 ὅτι
1550 2738 1572 2755 “
1588 2737 1661 2770 οὐδὲ
1678 2740 1741 2777 τῆς

287 2799 396 2840 φιλίας
411 2799 600 2842 α’ποῤῥῆξαι
616 2802 681 2840 τήν
698 2796 915 2843 συμμαχίαν”
938 2794 1042 2843 [Vid.
1058 2795 1223 2830 AEschin.
1241 2795 1268 2838 ξ.
1285 2792 1365 2839 nest]
1383 2795 1435 2827 καὶ
1452 2794 1503 2826 ὅτι
1517 2792 1539 2809 “
1551 2790 1744 2837 α’μπελουρ-

288 2855 383 2894 γοῦσι
405 2856 490 2891 τινὲς
507 2857 570 2894 τὴν
588 2852 726 2887 πόλιν.”
742 2855 796 2886 καὶ
812 2854 833 2871 “
846 2852 1073 2895 ὑποτέτμηται
1090 2853 1131 2884 τὰ
1150 2854 1248 2894 νεῦρα
1266 2853 1323 2882 τοῦ
1336 2845 1477 2892 ἓήμου.”
1492 2848 1546 2880 καὶ
1567 2848 1588 2863 “
1605 2848 1744 2891 φορμοῤ-

288 2907 512 2950 ραφούμεὲα,”
528 2911 580 2940 καὶ
603 2910 624 2926 “
642 2912 696 2941 ἐπὶ
712 2911 753 2942 τὰ
768 2910 869 2941 στενὰ
885 2910 972 2946 τινὲς
989 2909 1099 2950 ὥσπερ
1121 2909 1182 2944 τὰς
1194 2906 1341 2948 βελόνας
1355 2901 1561 2947 ὃιείρουσιν.”
1577 2899 1628 2942 οἷς
1642 2904 1745 2942 αὐτὸς

290 2963 458 3001 ἐπιτίθησι
482 2962 709 3005 διακωμῳδῶν,
735 2965 755 2980 “
774 2966 879 2995 ταῦτα
905 2962 937 2993 δὲ
954 2963 992 2993 οὐ
1009 2961 1141 2999 κίναιδός
1167 2973 1216 2999 τις
1233 2961 1302 2992 ἐστὶ
1319 2959 1452 3002 ῥήματα
1478 2958 1499 2996 ἡ
1522 2956 1746 3000 &aunan-rei?

290 3013 430 3053 [AEsch.
442 3014 467 3059 ξ.
484 3013 566 3060 νγ’.]
585 3017 654 3049 οὐδὲ
673 3030 708 3059 γε
726 3018 815 3049 ἄλλα
833 3017 907 3049 τινὰ
923 3018 1057 3060 φορτικὰ
1082 3017 1132 3048 καὶ
1148 3013 1238 3054 αἠὃῆ
1257 3013 1405 3057 ὀνόματα
1421 3012 1456 3045 ἐν
1473 3010 1579 3046 οὐδενὶ
1596 3015 1664 3046 τῶν
1677 3015 1741 3051 Δη-
