1928 3284
726 238 840 279 pao
851 236 1203 278 LEGoMENA.
1584 219 1694 280 367

230 346 380 384 nullius
409 348 465 384 rei
484 351 633 396 praeter
653 345 804 384 laudem
830 358 988 383 avarum
1009 344 1123 395 plane
1144 344 1183 381 in
1203 343 1436 382 contrariam
1463 345 1691 384 sententiam

234 407 440 446 deflectere
461 407 678 446 debuerint.
725 408 822 445 Sunt
841 408 941 445 enim
966 407 1049 444 lia‘c
1069 406 1169 445 fere:

289 477 314 491 ‘⁸
334 471 468 519 Turpe
499 477 554 506 est
585 468 700 506 fidem
723 469 879 514 violare,
908 469 1123 519 praesertim
1154 467 1311 518 publice
1339 466 1484 512 datam,
1516 476 1552 506 et
1583 470 1618 506 iu
1646 483 1692 508 ea

237 533 420 582 Repubh,
450 544 526 581 qua
549 531 734 568 illustrior
754 531 857 568 nulla
886 544 1055 580 unquam
1077 530 1149 567 fuit
1176 528 1364 579 exemplis
1396 529 1632 567 liberalitatis
1653 538 1693 569 et

234 594 423 643 cujusque
453 605 650 643 generosae
673 593 838 636 virtutis,
861 605 949 642 qua*
971 592 1118 629 Civitas
1141 591 1276 642 gloriae
1297 603 1433 629 caussa
1463 590 1568 628 nullo
1597 597 1692 630 tem-

234 667 409 704 porenec
430 653 620 691 sumtibus
643 653 828 704 pepercit,
852 667 980 703 neque
1000 653 1048 690 ad
1069 652 1310 690 atrocissima
1332 652 1503 702 pericula
1525 654 1693 702 expavit.

234 715 435 753 Violumus
455 722 581 753 autem
604 714 719 752 fidem
741 714 979 765 gravissime,
1003 715 1034 752 si
1055 727 1278 752 revocamus
1300 713 1471 763 praemia,
1489 727 1578 763 quae
1601 715 1692 754 olim

233 776 424 821 dedimus,
446 776 693 827 Populiseitis
725 776 935 822 sanximus,
964 776 1220 826 insculpenda
1247 775 1438 812 columnis
1463 776 1692 815 curavimus.

235 838 373 888 ltaque
395 839 424 876 si
446 839 504 876 vel
526 839 688 876 maxime
710 838 930 877 immunitas
952 839 1105 876 sublata
1123 838 1304 888 Reipubl.
1325 851 1421 888 opes
1441 847 1612 889 augeret,
1636 846 1692 878 ta-

235 911 320 937 men
351 913 398 937 ne
424 900 479 938 sic
502 899 660 950 quidem
687 900 858 950 Leptinis
879 901 939 938 lex
969 899 1133 938 tenenda
1152 906 1266 937 esset.
1326 900 1443 937 Omni
1467 901 1565 938 enim
1588 914 1693 939 com-

234 962 377 1011 pendio
394 962 519 1011 majus
535 962 806 999 detrimentum
828 961 966 1011 infligit
985 975 1030 999 ea
1048 961 1192 998 nomini
1211 961 1358 1006 Attico,
1382 968 1574 1012 notasque
1597 963 1693 1001 infa-

235 1023 319 1061 miae
351 1024 466 1061 inurit
495 1024 621 1068 nobis,
654 1030 730 1061 tam
765 1023 937 1073 singulis,
965 1036 1080 1074 quam
1109 1023 1304 1060 universis.
1365 1025 1425 1061 Ac
1447 1031 1694 1064 monumenta

233 1085 309 1131 illa,
331 1086 474 1135 quibus
497 1085 594 1123 fides
616 1092 747 1123 nostra
763 1085 945 1135 inscripta
969 1090 1039 1130 est,
1056 1085 1088 1122 si
1109 1085 1320 1122 auctoritas
1338 1084 1380 1122 iis
1401 1085 1547 1135 integra
1568 1099 1695 1125 mune-

234 1147 304 1192 bit,
327 1154 572 1186 monumenta
594 1148 706 1185 nobis
728 1153 840 1185 erunt
869 1147 1046 1197 praeclari
1077 1147 1191 1184 moris
1213 1146 1384 1196 publici:
1416 1147 1472 1184 sin
1495 1155 1621 1186 autem
1643 1171 1694 1178 —

233 1210 366 1248 eadem
386 1209 887 1253 illiberalitatem‚invidiam
902 1215 940 1246 et
955 1208 1242 1258 improbitatem
1259 1214 1428 1246 nostram
1443 1208 1547 1259 apud
1562 1223 1695 1250 omnes

236 1272 410 1310 homines
431 1271 716 1309 testabuntur.''

287 1340 313 1354 ⁶¹
337 1333 415 1370 Sed
446 1333 526 1370 leve
546 1333 820 1383 compendium
842 1340 915 1377 est,
933 1333 1037 1384 quod
1059 1339 1166 1370 tanta
1187 1332 1322 1370 fraude
1352 1339 1590 1372 commutare
1611 1347 1694 1372 sus-

235 1396 413 1433 tinemus.
504 1394 631 1431 Multo
666 1401 754 1431 suut
793 1395 1012 1444 pauciores,
1048 1407 1163 1444 quam
1204 1394 1388 1444 Leptines
1411 1397 1549 1444 putat,
1581 1408 1693 1446 quos,

236 1458 397 1507 praemio
418 1457 484 1493 illo
514 1455 643 1493 adhuc
670 1468 771 1501 usos,
794 1455 831 1493 in
851 1462 1048 1506 posterum
1080 1456 1128 1493 ad
1158 1468 1315 1493 munera
1337 1456 1518 1494 obeunda
1538 1457 1693 1508 adigere

237 1519 361 1556 liceat.
422 1518 644 1556 Ditissimus
666 1518 831 1568 quisque
852 1517 952 1555 enini
977 1517 1201 1555 trierarchia
1229 1525 1268 1554 et
1294 1516 1449 1555 tributis
1472 1518 1618 1556 bellicis
1637 1518 1694 1556 fa-

235 1579 383 1618 ciendis
404 1579 634 1617 distinetur:
666 1585 704 1616 at
727 1578 764 1616 hi
787 1578 835 1616 de
857 1585 986 1616 vetere
1007 1591 1111 1616 more
1140 1578 1364 1616 solennibus
1385 1579 1608 1617 muneribus
1630 1593 1695 1618 va-

236 1648 340 1679 cant.
398 1641 542 1690 Inopes
567 1653 658 1678 vero
687 1640 855 1690 inopiam
891 1653 998 1677 suam
1030 1639 1175 1677 habent
1203 1639 1377 1677 ultimum
1407 1646 1447 1677 et
1467 1641 1696 1680 acerrimum

235 1705 369 1749 telum,
390 1717 469 1753 quo
490 1718 529 1741 se
550 1717 572 1740 a
589 1717 687 1741 nova
703 1703 785 1753 lege
802 1703 1027 1741 defendant.
1080 1703 1145 1740 Sic
1166 1702 1287 1740 relicti
1309 1703 1422 1741 nobis
1443 1712 1534 1742 sunt
1555 1705 1693 1743 mediae

237 1766 351 1804 sortis
370 1766 553 1809 homines,
575 1765 641 1814 qui
663 1777 821 1802 numero
848 1765 961 1815 pauci
993 1770 1094 1802 sunt.
1153 1768 1284 1813 Atque
1306 1764 1462 1802 omnino
1483 1765 1551 1816 qui
1570 1779 1617 1804 ex
1639 1767 1694 1804 ci-

238 1828 348 1866 vibus
363 1827 600 1865 immunitate
623 1826 814 1872 fruuntur,
833 1826 857 1863 ii
878 1832 967 1863 sunt
985 1827 1044 1863 vix
1065 1825 1238 1876 quinque
1257 1826 1314 1863 vel
1337 1839 1426 1871 sex3
1447 1832 1486 1864 et
1506 1840 1553 1866 ex
1569 1827 1697 1878 inqui-

237 1889 337 1933 linis,
358 1889 405 1926 ad
434 1902 623 1927 summum
645 1889 814 1927 decem.¹'
869 1889 945 1926 Sed
977 1888 1128 1933 sumite,
1149 1900 1194 1925 ex
1224 1894 1389 1936 utraque
1410 1888 1531 1926 classe
1552 1888 1696 1928 confici

237 1965 349 2002 posse
368 1952 536 2001 triginta.
594 1951 702 1995 Quid
725 1952 821 1989 lucri
844 1951 945 1990 erit?
966 1957 1033 1989 aut
1054 1948 1282 2000 quantulum
1306 1949 1509 1988 levamenti
1525 1951 1697 1989 tantulus

238 2027 418 2053 numerus
437 2014 676 2052 multitudini
699 2019 887 2064 pra-stare
909 2011 1080 2063 poterit?
1107 2011 1322 2062 praesertim
1345 2024 1464 2061 quum
1486 2011 1571 2050 illos
1591 2026 1638 2051 ne
1659 2013 1697 2051 in

238 2077 411 2127 singulos
430 2076 593 2126 quidem
613 2089 733 2114 annos
753 2075 959 2121 lucremur,
981 2074 1047 2112 sed
1071 2073 1284 2112 universe.’‘

291 2143 314 2159 “
338 2138 524 2188 Respubl.
555 2137 677 2175 nihilo
705 2135 748 2174 fit
767 2136 988 2187 opulentior
1017 2134 1326 2173 immunitatibus
1355 2134 1548 2174 tollendis.
1607 2136 1697 2174 Non

237 2200 336 2238 enim
371 2200 548 2237 aerarium
583 2199 748 2237 attinent
784 2197 982 2249 impensae,
1019 2209 1108 2247 quae
1145 2197 1183 2234 in
1219 2196 1390 2234 solennia
1426 2210 1582 2235 munera
1617 2196 1700 2236 fieri

239 2263 377 2299 solent.
434 2261 569 2304 Quid?
599 2260 720 2311 quod,
743 2260 772 2298 si
801 2260 868 2310 qui
889 2273 934 2298 ex
965 2259 1205 2297 immunitate
1228 2257 1300 2296 sibi
1321 2258 1474 2296 divitias
1503 2267 1701 2309 pararunt,

240 2336 285 2361 ea
321 2336 380 2360 res
413 2323 528 2360 etiam
559 2322 596 2360 in
626 2322 876 2360 commodum
908 2321 1013 2359 cedit
1049 2320 1245 2371 Reipubl„
1275 2320 1471 2370 quoniam,
1507 2320 1698 2371 quidquid

238 2386 335 2423 lucri
359 2385 546 2429 fecerunt,
567 2383 616 2421 ad
647 2383 700 2422 rei
722 2383 874 2422 bellicae
897 2383 1147 2421 necessitates
1175 2381 1353 2420 conferre
1377 2389 1537 2432 queunt.
1588 2382 1700 2421 Adeo

237 2461 284 2486 ex
313 2447 387 2484 hoc
410 2446 515 2483 dono
536 2446 726 2496 Respubl.
751 2445 844 2484 nihil
866 2445 997 2484 damni
1017 2443 1225 2491 contrahit,
1243 2450 1283 2482 ut
1305 2444 1390 2495 ipsa
1411 2444 1500 2483 inde
1521 2458 1699 2495 magnum

241 2509 413 2548 fructum
433 2509 634 2559 percipere
656 2508 779 2546 videri
795 2507 975 2546 debeat.''

293 2576 319 2593 “
344 2573 397 2609 At
427 2571 537 2608 multi
567 2576 656 2608 sunt
685 2570 845 2619 indigni.
905 2568 1047 2608 Audio.
1105 2569 1179 2607 Sed
1208 2569 1372 2619 primum
1393 2568 1531 2618 diguus
1560 2567 1699 2618 aliquis

240 2634 289 2673 sit
306 2632 413 2672 dono
429 2639 576 2677 nostro,
598 2644 646 2669 an
669 2632 807 2676 minus,
830 2644 934 2670 nunc
955 2643 1042 2669 sero
1062 2631 1273 2681 quaeritur3
1294 2629 1547 2680 quaerendum
1570 2630 1606 2667 id
1629 2631 1700 2667 suit

241 2702 334 2739 tum,
358 2707 476 2743 quum
499 2693 667 2743 quisque
687 2692 922 2731 donabatur.
980 2692 1078 2730 Nam
1101 2691 1305 2742 prudentis
1327 2697 1397 2735 est,
1418 2691 1511 2728 nihil
1542 2691 1699 2729 omniuo

241 2756 347 2801 dare,
370 2755 477 2806 quod
498 2755 587 2793 olim
609 2754 797 2805 poenitere
818 2756 967 2805 possit:
987 2753 1260 2791 inconsiderati
1278 2765 1323 2790 ac
1346 2751 1512 2802 maligni,
1533 2765 1590 2797 ea,
1612 2765 1700 2802 quae

243 2817 361 2856 semel
377 2817 540 2859 dederit.
562 2816 641 2855 sine
662 2829 800 2868 magna
827 2829 965 2854 caussa
982 2822 1170 2866 repetere.
1229 2813 1379 2852 Deinde
1400 2814 1522 2864 ipsum
1545 2814 1632 2858 hoe,
1653 2828 1702 2853 an

287 2930 301 2951 δ
321 2929 465 2964 nabitu.
476 2939 511 2958 u
525 2930 589 2959 haee
609 2929 796 2969 computatio
813 2940 830 2959 ι
845 2930 956 2960 Demo·
992 2930 1020 2959 in
1032 2929 1081 2963 iis.
1092 2927 1397 2966 quedeimmunibus
1407 2926 1527 2956 civibus
1540 2927 1704 2962 habemin-

244 2975 349 3003 :thone
368 2973 446 3002 bon·
459 2971 604 3001 fidat-et·
614 2973 665 3006 nit.
682 2973 813 3002 maximo
829 2973 869 3001 de
883 2971 958 3001 eivi—
993 2981 1057 3001 rum
1069 2969 1495 3009 mnjornumerusconigemr.
1511 2973 1547 2999 At
1558 2971 1703 2999 ensetmi-

243 3017 314 3046 bno.
361 3016 437 3046 Num
455 3015 479 3044 ni
496 3015 594 3054 ipsun
609 3015 783 3045 Orationem
800 3024 959 3054 sequamur
995 3014 1279 3050 minume-ustauh
1291 3023 1322 3043 ro
1335 3013 1526 3043 fulcranno
1538 3013 1701 3053 Populum.
